%=== BIBLIOGRAPHIES IN LATEX with the UF template ===%
% There are 2 main bib organizers in LaTeX: BibTeX and BibLaTeX (and no, they're not the same thing!).
% * BibTeX comes standard with the UF template but offers limited flexibility.
% * BibLaTeX offers excellent flexibility, but you'll need to go into ufdissertation.cls and perform the 'biblatex' (un)comment instructions as well as changing some things in main.tex.
% default biblatex style: It uses the word "In: " in strange places. Otherwise it looks good. What journal would it correspond to though?

%=== BEST WAY TO GET BIBTEX CODE FOR CITATION: Look up your article on https://inspirehep.net/

%=== How to get your bib to look the way you want (BibTeX). ===%
% (1) Select a journal style you like: JHEP, APS, MLA, Chicago, etc.
%     Use paperpile.com to look at citation styles---it seems good but look at an example paper from that journal to confirm the citation style.
%     E.g., https://paperpile.com/s/physical-review-d-citation-style/
% (2) Download the corresponding '.bst' (bibliography style) file.
% (3) Put the '.bst' file in your working area.
% E.g., JHEP bst file: https://jhep.sissa.it/jhep/help/JHEP/TeXclass/DOCS/JHEP.bst

%=== ...And now I find this note from the original UF LaTeX template... ===%
% % % % % % % % % % % % % % % % % % % % % % % % % % % % % % % % % % % % % %
% Remember - You MUST get a .bst file that matches the Journal in your
% field that you choose as your Reference example
% NONE of these examples will satisfy the Graduate Editorial Office
% if they don't match your Journal example!!!!
% NOTE: If you use a numbered reference system and your references
% are set in parentheses rather than brackets you need to select the
% Natbib option "numbers sort and compress" in the packages.tex file
% % % % % % % % % % % % % % % % % % % % % % % % % % % % % % % % % % % % % %

%=== Notes on different styles: ===%
% JHEP: I will use this style! Reference titles are italicized, sentence case (i.e., only the first word's first letter is uppercase), proper nouns are also uppercase, references are in appearance-order, citation ranges look like 1--3. 
% Physical Letters B looks really good, except that it doesn't often include titles of refs!
% Physical REVIEW Letters uses italicized titles.
% Nature: Bibliography labels are like: 1., 2., instead of [1], [2], ..
% Science: Uses italic numbers.
% MLA: In the text, uses name the reference instead of number.
% Chicago: Uses the date in the text and doesn't use any numbers in the bib.
% Chem-ACS: Doesn't include the title! Also, uses parentheses around numbers in bib.

% TODO: Implement these!
%=== After spending loads of time on bibliography styles, etc., I've learned: ===%
% * Don't export bibliography from zotero---instead pull citation from website (preferably INSPIRE), then make the following changes:
% (1) Delete key=abstract, if it exists.
% (2) If 3 or more authors, only keep the first author and replace second onward with "and others" (this will be replaced by "et al.").
% (3) Make sure that key=url is filled out.

% DOI = Digital Object Identifier. A unique and never-changing string assigned to online (journal) articles, books, and other works.

CMS recommendations:
References should be numbered consecutively in the order in which they are cited in the text.
The general guidelines for choosing references are:
* Reference all papers that were useful in preparing and making the specific measurement.
* Reference previous measurements extensively (in particular from other LHC and Tevatron experiments).
* Reference relevant theoretical papers, especially ones that predict a value for your measurement.
* Give a minimal general bibliography for the nonexpert reader who might need to be educated on the subject. These are papers typically referred to in the introduction. 


%=== Some citation types ===%
% article
% misc
% techreport
% unpublished
% phdthesis

%=== Different citation styles ===%
%MLA: Particle Data Group, et al. "Review of particle physics." Progress of Theoretical and Experimental Physics 2020.8 (2020): 083C01.
%APA: Particle Data Group, Zyla, P., Barnett, R. M., Beringer, J., Dahl, O., Dwyer, D. A., ... & Pomarol, A. (2020). Review of particle physics. Progress of Theoretical and Experimental Physics, 2020(8), 083C01.
%Chicago: Particle Data Group, PAea Zyla, R. M. Barnett, J. Beringer, O. Dahl, D. A. Dwyer, D. E. Groom et al. "Review of particle physics." Progress of Theoretical and Experimental Physics 2020, no. 8 (2020): 083C01.
%Harvard: Particle Data Group, Zyla, P., Barnett, R.M., Beringer, J., Dahl, O., Dwyer, D.A., Groom, D.E., Lin, C.J., Lugovsky, K.S., Pianori, E. and Robinson, D.J., 2020. Review of particle physics. Progress of Theoretical and Experimental Physics, 2020(8), p.083C01.
%Vancouver: Particle Data Group, Zyla P, Barnett RM, Beringer J, Dahl O, Dwyer DA, Groom DE, Lin CJ, Lugovsky KS, Pianori E, Robinson DJ. Review of particle physics. Progress of Theoretical and Experimental Physics. 2020 Aug;2020(8):083C01.

%\bibliographystyle{bst/abbrv}
%\bibliographystyle{bst/abbrvnat}
%\bibliographystyle{bst/abbrvurl_uf}
%\bibliographystyle{bst/alphaurl_uf}
%\bibliographystyle{bst/apa-good}
%\bibliographystyle{bst/Chicago_Web}
%\bibliographystyle{bst/ecology_web}
%\bibliographystyle{bst/IEEEtran}
%\bibliographystyle{bst/mla_web}
\bibliographystyle{bst/mla-good}
%\bibliographystyle{bst/plainnat}
%\bibliographystyle{bst/plainurl_uf}
%\bibliographystyle{bst/Science_Web}
%\bibliographystyle{bst/uf_econ}
%\bibliographystyle{bst/uffull}
%\bibliographystyle{bst/ufinit}
%\bibliographystyle{bst/unsrtnat}
%\bibliographystyle{bst/unsrturl_uf}
%\bibliographystyle{bst/plain}
%\bibliographystyle{bst/ufinit}
%\bibliographystyle{bst/plainurl_uf}

% N.B.: Curly braces:
% * Protect the upper/lowercase of the word.
% * Allow you to use commands, e.g., ...mass near 125{\GeV}
% * I don't think curly braces are required to use math env. Just do: '$...$'
% * I think if you do: "{all the words here}", then letter case is protected (so you don't have to do: {The {H}iggs boson...}).

%%%%%%%%%%%%%%%%%%%%%%%%%%%%%%%
%=== NOTES FOR techreports ===%
%%%%%%%%%%%%%%%%%%%%%%%%%%%%%%%
% It's better to pull a techreport (like a PAS) from CERN Document Server (CDS) than from INSPIREhep.
% If pulling techreport bib ref from CDS, then make the following changes:
% * Changed key=reportNumber to key=number".
% * Deleted the word "Collaboration" from key=collaboration.
% * Added type="CMS Physics Analysis Summary",
%=== techreport keys:
techreport{citekey,
  author      = "",
  title       = "",
  institution = "",
  year        = "",
  type        = "",
  number      = "",
  address     = "",
  month       = "",
  note        = "",
  annote      = ""
}
%%%%%%%%%%%%%%%%%%%%%%%%%%%%%%%

%=== Info on different journal styles ===%
% EPJC
% * Uses non-italicized text for fundamental particles. E.g., non-italics μ for muons: p_T^μ

%=== FINAL DECISION: I will use JHEP citation style. ===%
% Reference titles are italicized, sentence case (i.e., only the first word's first letter is uppercase), proper nouns are also uppercase, references are in appearance-order, citation ranges look like 1--3 (and use an en dash). 
% Numbers are NOT italicized E.g. "pp collisions at sqrt{s} = 7 TeV", everything EXCEPT the 7 is italicized. The "=" is in math mode.
% Interestingly, JHEP uses lowercase "ref.", "refs.", "section", "figure", "figures", "table", "tables 12--14". Doesn't use "fig.", "sec.", or "tab.".
%  - Note that UF overrides this rule and treats these words like proper nouns: Figure, Reference, Section, Chapter, Table. Although they can be abbreviated, they MUST be capitalized.
% The reference label (e.g., [2]) can be put directly after the thing which it references, or before a comma, or before the period which terminates the sentence.
% Introduce abbreviations in parentheses: "The standard model (SM)...the SM Higgs boson (H)."
% Lowercase 'c' when saying 'CMS collaboration'.
% When to use 'et al.'? I can't say for sure in JHEP style... I've seen:
% * "M. Della Negra et al., Muon trigger..."
% * "CMS collaboration, Combined results of searches for the standard model Higgs boson in pp"
% * "CDF Collaboration, D0 collaboration, T. Aaltonen et al., Combination of..."  (From doi:10.1007/JHEP06(2013)081:)
% * "M. Anfreville, D. Bailleux, J. Bard, A. Bornheim, C. Bouchand et al., Laser monitoring..."
% * "K. Arnold, M. Bahr, G. Bozzi, F. Campanario, C. Englert et al., VBFNLO: a parton level Monte Carlo for processes with electroweak bosons, Comput. Phys. Commun. 180 (2009) 1661"
% * "ALEPH, CDF, D0, DELPHI, L3, OPAL, SLD collaborations, LEP Electroweak Working Group, Tevatron Electroweak Working Group, and SLD Electroweak and Heavy Flavour Groups, Precision electroweak measurements and constraints on the standard model"


%=== Recommendations to ensure nice and consistent bibtex style:
% * To preserve uppercase letters, ensure that the values of all keys have double quotes and then curly braces: "{Words Go Here...}". 
% * For key=author: When you have a giant author list replace all names---except the first---with "and others" (no dot at the end). This will get converted to "et al.".
% * For key=journal: abbreviate the journal (e.g., Physics Letters B -> Phys. Lett. B)
% * Add key=collaboration with value=CMS.
% * If any numbers or units, then surround in math env ($...$) and use typical commands (e.g., \GeV).
% TODO: In key=title, get the sqrt symbol to have math mode font. 
% TODO: Change all lepton l's to {$\ell$}
% TODO: Are quotes around titles necessary?
% TODO: Get fresh citations from INSPIREHEP.

%=== Higgs Discovery ===%
@article{chatrchyan_observation_2012,
	title = "{Observation of a new boson at a mass of $125{\GeV}$ with the {CMS} experiment at the {LHC}}",
	volume = {716},
	issn = {0370-2693},
	url = {https://www.sciencedirect.com/science/article/pii/S0370269312008581},
	doi = {10.1016/j.physletb.2012.08.021},
	language = {en},
	number = {1},
	urldate = {2022-06-06},
	journal = {Physics Letters B},
	author = {Chatrchyan, S. and others},
	month = sep,
	year = {2012},
	keywords = {CMS, Higgs, Physics},
	pages = {30--61},
}
@article{chatrchyan_observation_2012_xunwu,
      title          = "{O}bservation of a new boson at a mass of ${125\GeV}$ with the {CMS} experiment at the {LHC}",
      collaboration  = "CMS",
      journal        = "Phys. Lett. B",
      volume         = "716",
      year           = "2012",
      pages          = "30",
      doi            = "10.1016/j.physletb.2012.08.021",
      eprint         = "1207.7235",
      archivePrefix  = "arXiv",
      primaryClass   = "hep-ex",
      reportNumber   = "CMS-HIG-12-028, CERN-PH-EP-2012-220",
      SLACcitation   = "%%CITATION = ARXIV:1207.7235;%%"
}
@article{ATLAS:2012yve,
    author = "Aad, Georges and others",
    collaboration = "ATLAS",
    title = "{Observation of a new particle in the search for the Standard Model Higgs boson with the ATLAS detector at the LHC}",
    eprint = "1207.7214",
    archivePrefix = "arXiv",
    primaryClass = "hep-ex",
    reportNumber = "CERN-PH-EP-2012-218",
    doi = "10.1016/j.physletb.2012.08.020",
    journal = "Phys. Lett. B",
    volume = "716",
    pages = "1--29",
    year = "2012"
}
@article{chatrchyan_observation_2013,
	title = {Observation of a new boson with mass near 125{\GeV} in pp collisions at $\sqrt{s} = 7$ and $8{\TeV}$},
	volume = {2013},
	issn = {1029-8479},
	url = {https://doi.org/10.1007/JHEP06(2013)081},
	doi = {10.1007/JHEP06(2013)081},
	language = {en},
	number = {6},
	urldate = {2022-06-06},
	journal = {Journal of High Energy Physics},
	author = {Chatrchyan, S. and others},
	month = jun,
	year = {2013},
	keywords = {Hadron--Hadron Scattering},
	pages = {81},
}
@article{chatrchyan_observation_2013_xunwu,
      author         = "Chatrchyan, Serguei and others",
      title          = "{O}bservation of a new boson with mass near ${125\GeV}$ in ${\Pp\Pp}$ collisions at ${\sqrt{s} = 7}$ and {8\TeV}",
      collaboration  = "CMS",
      journal        = "JHEP",
      volume         = "06",
      year           = "2013",
      pages          = "081",
      doi            = "10.1007/JHEP06(2013)081",
      eprint         = "1303.4571",
      archivePrefix  = "arXiv",
      primaryClass   = "hep-ex",
      reportNumber   = "CMS-HIG-12-036, CERN-PH-EP-2013-035",
      SLACcitation   = "%%CITATION = ARXIV:1303.4571;%%"
}
% From arXiv.
article{2013,
	doi = {10.1007/jhep06(2013)081},
	url = {https://doi.org/10.1007%2Fjhep06%282013%29081},
	year = 2013,
	month = {jun},
	publisher = {Springer Science and Business Media {LLC}},
	volume = {2013},
	number = {6},
	author = {S. Chatrchyan and V. Khachatryan and A. M. Sirunyan and A. Tumasyan and W. Adam and T. Bergauer and M. Dragicevic and J. Erö and C. Fabjan and M. Friedl and R. Frühwirth},
	title = {Observation of a new boson with mass near 125 {GeV} in pp collisions at {\textdollar} {\textbackslash}sqrt$\lbrace$s$\rbrace$=7 {\textdollar} and 8 {TeV}},
	journal = {Journal of High Energy Physics}
}
%========================%

%=== Higgs Mass Measurements ===%
% TODO: Check that author prints as we want.
@article{PhysRevLett.114.191803,
  title = {Combined Measurement of the {H}iggs Boson Mass in $pp$ Collisions at $\sqrt{s} = 7$ and $8{\TeV}$ with the {ATLAS} and {CMS} Experiments},
  journal = {Phys. Rev. Lett.},
  author = {{$\textsc{ATLAS and CMS}$ collaborations}},
  volume = {114},
  issue = {19},
  pages = {191803},
  numpages = {33},
  year = {2015},
  month = {May},
  publisher = {American Physical Society},
  doi = {10.1103/PhysRevLett.114.191803},
  url = {https://link.aps.org/doi/10.1103/PhysRevLett.114.191803}
}
  collaboration = {ATLAS and CMS},
  author = {Aad, G. and Abbott, B. and Abdallah, J. and Abdinov, O. and Aben, R. and Abolins, M. and AbouZeid, O. S. and Abramowicz, H. and Abreu, H. and Abreu, R. and Taylor, D. and Woods, N.},
@article{the_cms_collaboration_precise_2015,
    author = "Khachatryan, Vardan and others",
    collaboration = "CMS",
    title = "{Precise determination of the mass of the Higgs boson and tests of compatibility of its couplings with the standard model predictions using proton collisions at $7$ and $8\TeV$}",
    eprint = "1412.8662",
    archivePrefix = "arXiv",
    primaryClass = "hep-ex",
    reportNumber = "CMS-HIG-14-009, CERN-PH-EP-2014-288",
    doi = "10.1140/epjc/s10052-015-3351-7",
    journal = "Eur. Phys. J. C",
    volume = "75",
    number = "5",
    pages = "212",
    year = "2015"
}
article{the_cms_collaboration_precise_2015,
	title = {Precise determination of the mass of the {Higgs} boson and tests of compatibility of its couplings with the standard model predictions using proton collisions at 7 and 8 \${\textbackslash},{\textbackslash}text \{{TeV}\}\$\$ {TeV}},
	volume = {75},
	issn = {1434-6044, 1434-6052},
	url = {http://link.springer.com/10.1140/epjc/s10052-015-3351-7},
	doi = {10.1140/epjc/s10052-015-3351-7},
	language = {en},
	number = {5},
	urldate = {2022-08-21},
	journal = {Eur. Phys. J. C},
  collaboration = {CMS collaboration},
	author = {{The CMS Collaboration} and Khachatryan, V. and Sirunyan, A. M. and Tumasyan, A. and Adam, W. and Bergauer, T. and Dragicevic, M. and Erö, J.},
	month = may,
	year = {2015},
	pages = {212},
}
% TODO: Add %%CITATION = ARXIV:1706.09936;%% to refs?
% Run 2, HZZ mass measurement, 2016 (Xunwu added SLACcitation key)
@article{HIG_16_041,
      author         = "Sirunyan, Albert M and others",
      title          = "{M}easurements of properties of the {H}iggs boson decaying into the four-lepton final state in pp collisions at ${\sqrt{s}=13\TeV}$",
      collaboration  = "CMS",
      journal        = "JHEP",
      volume         = "11",
      year           = "2017",
      pages          = "047",
      doi            = "10.1007/JHEP11(2017)047",
      eprint         = "1706.09936",
      archivePrefix  = "arXiv",
      primaryClass   = "hep-ex",
      reportNumber   = "CMS-HIG-16-041, CERN-EP-2017-123",
      SLACcitation   = "%%CITATION = ARXIV:1706.09936;%%"
}
@article{aaboud_measurement_2018,
	title = {Measurement of the {Higgs} boson mass in the {H} {\textrightarrow} {ZZ$^\ast$} {\textrightarrow} 4{$\ell$} and {H} {\textrightarrow} $\gamma$$\gamma$ channels with $\sqrt{s}$ = 13{\TeV} pp collisions using the {ATLAS} detector},
	volume = {784},
	issn = {03702693},
	url = {https://linkinghub.elsevier.com/retrieve/pii/S0370269318305884},
	doi = {10.1016/j.physletb.2018.07.050},
	language = {en},
	urldate = {2022-06-10},
	journal = {Physics Letters B},
	author = {Aaboud, M. and Aad, G. and Abbott, B. and Abdinov, O. and Abeloos, B. and Abidi, S.H. and AbouZeid, O.S. and Abraham, N.L. and Abramowicz, H. and Abreu, H. and Abulaiti, Y. and Zur Nedden, M. and Zwalinski, L.},
	month = sep,
	year = {2018},
	pages = {345--366},
}
@techreport{CMS-PAS-HIG-18-029,
      title         = "{Measurements of Higgs boson production via gluon fusion and vector boson fusion in the diphoton decay channel at $\sqrt{s} = 13\TeV$}",
      institution   = "CERN",
      collaboration = "CMS",
      address       = "Geneva",
      number        = "CMS-PAS-HIG-18-029",
      year          = "2019",
      url           = "http://cds.cern.ch/record/2667225",
} % GOOD!
@article{sirunyan_measurement_2020,
	title = {A measurement of the {Higgs} boson mass in the diphoton decay channel},
	volume = {805},
	issn = {03702693},
	url = {https://linkinghub.elsevier.com/retrieve/pii/S037026932030229X},
	doi = {10.1016/j.physletb.2020.135425},
	language = {en},
	urldate = {2022-06-10},
	journal = {Physics Letters B},
	author = {Sirunyan, A.M. and Tumasyan, A. and Adam, W. and Ambrogi, F. and Bergauer, T. and Dragicevic, M. and Erö, J. and Escalante Del Valle, A. and Flechl, M. and Frühwirth, R. and Jeitler, M. and Teague, D. and Trembath-reichert, S.},
	month = jun,
	year = {2020},
	pages = {135425},
}

%=== Measurements of the weak mixing angle ===%
@article{noauthor_precision_2006,
	title = {Precision electroweak measurements on the {Z} resonance},
	volume = {427},
	issn = {03701573},
	url = {https://linkinghub.elsevier.com/retrieve/pii/S0370157305005119},
	doi = {10.1016/j.physrep.2005.12.006},
	language = {en},
	number = {5-6},
	urldate = {2022-08-29},
	journal = {Phys. Rept.},
	month = may,
	year = {2006},
	pages = {257--454},
  primaryClass = "hep-ex",
  collaboration = {SLD Electroweak Group, DELPHI, ALEPH, SLD, SLD Heavy Flavour Group, OPAL, LEP Electroweak Working Group, L3},
  author = {Schael Sammyboy and others}
}
@article{the_lhcb_collaboration_measurement_2015,
	title = {Measurement of the forward-backward asymmetry in ${\PZ/\gamma^\ast \to \mumupm}$ decays and determination of the effective weak mixing angle},
	volume = {2015},
	issn = {1029-8479},
	url = {http://link.springer.com/10.1007/JHEP11(2015)190},
	doi = {10.1007/JHEP11(2015)190},
	language = {en},
	number = {11},
	urldate = {2022-08-29},
	journal = {J. High Energ. Phys.},
	month = nov,
	year = {2015},
	pages = {190},
	collaboration = {LHCb},
}
  author = {LHCb collaboration},
@article{cms_collaboration_measurement_2018,
	title = {Measurement of the weak mixing angle using the forward-backward asymmetry of {Drell}--{Yan} events in pp collisions at ${\sqrt{s} = 8\TeV}$},
	volume = {78},
	issn = {1434-6044, 1434-6052},
	url = {http://link.springer.com/10.1140/epjc/s10052-018-6148-7},
	doi = {10.1140/epjc/s10052-018-6148-7},
	language = {en},
	number = {9},
	urldate = {2022-08-29},
	journal = {Eur. Phys. J. C},
	collaboration = {CMS},
	month = sep,
	year = {2018},
	pages = {701},
}



% TODO: INCORPORATE
@techreport{ATLAS-CONF-2019-025,
      title         = "{Measurements of the Higgs boson inclusive, differential and production cross sections in the $4\ell$ decay channel at $\sqrt{s} = 13\TeV$ with the ATLAS detector}",
      institution   = "CERN",
      collaboration = "ATLAS",
      address       = "Geneva",
      number        = "ATLAS-CONF-2019-025",
      month         = "Jul",
      year          = "2019",
      url           = "http://cds.cern.ch/record/2682107",
      note          = "All figures including auxiliary figures are available at
                       https://atlas.web.cern.ch/Atlas/GROUPS/PHYSICS/CONFNOTES/ATLAS-CONF-2019-025",
} % GOOD!

%=== The PDG ===%
% 2022 PDG:
R.L. Workman et al (PDG), Prog. Theor. Exp. Phys. 2022, 083C01 (2022)
@article{new_pdg_2022,
	title = {Review of Particle Physics},
  author = {Workman, R L and others},
  volume = {2022},
	url = {https://pdg.lbl.gov/},
	urldate = {2022-08-30},
	journal = {Prog. Theor. Exp. Phys.},
	month = aug,
	year = {2022},
	pages = {083C01},
  collaboration = {Particle Data Group},
}
% How JHEP cites it:
% Particle Data Group collaboration, J. Beringer et al., Review of particle physics (RPP), Phys. Rev. D 86 (2012) 010001
@article{particle_data_group_review_2020,
	title = {Review of Particle Physics},
      author = {Zyla, P A and Barnett, R M and Beringer, J and Dahl, O and Dwyer, D A and Groom, D E and Lin, C -J and Lugovsky, K S and Pianori, E and Schaffner, P and Zheng, W},
      volume = {2020},
	issn = {2050-3911},
	url = {https://doi.org/10.1093/ptep/ptaa104},
	doi = {10.1093/ptep/ptaa104},
	number = {8},
	urldate = {2022-06-08},
	journal = {Prog. Theor. Exp. Phys.},
	month = aug,
	year = {2020},
	pages = {083C01},
      collaboration = {Particle Data Group},
}
      author = {{Particle Data Group} and Zyla, P A and Barnett, R M and Beringer, J and Dahl, O and Dwyer, D A and Groom, D E and Lin, C -J and Lugovsky, K S and Pianori, E and Schaffner, P and Zheng, W},
%=== Dark Matter citation ===%
article{10.1093/ptep/ptaa104,
    author = {Particle Data Group  and Zyla, P A and Barnett, R M and Beringer, J and Dahl, O and Dwyer, D A and Groom, D E and Lin, C -J and Lugovsky, K S and Pianori, E and Robinson, D J and Wohl, C G and Yao, W -M and Agashe, K and Aielli, G and Allanach, B C and Amsler, C and Antonelli, M and Aschenauer, E C and Asner, D M and Baer, H and Banerjee, Sw and Baudis, L and Bauer, C W and Beatty, J J and Belousov, V I and Bethke, S and Bettini, A and Biebel, O and Black, K M and Blucher, E and Buchmuller, O and Burkert, V and Bychkov, M A and Cahn, R N and Carena, M and Ceccucci, A and Cerri, A and Chakraborty, D and Chivukula, R Sekhar and Cowan, G and D'Ambrosio, G and Damour, T and de Florian, D and de Gouvêa, A and DeGrand, T and de Jong, P and Dissertori, G and Dobrescu, B A and D'Onofrio, M and Doser, M and Drees, M and Dreiner, H K and Eerola, P and Egede, U and Eidelman, S and Ellis, J and Erler, J and Ezhela, V V and Fetscher, W and Fields, B D and Foster, B and Freitas, A and Gallagher, H and Garren, L and Gerber, H -J and Gerbier, G and Gershon, T and Gershtein, Y and Gherghetta, T and Godizov, A A and Gonzalez-Garcia, M C and Goodman, M and Grab, C and Gritsan, A V and Grojean, C and Grünewald, M and Gurtu, A and Gutsche, T and Haber, H E and Hanhart, C and Hashimoto, S and Hayato, Y and Hebecker, A and Heinemeyer, S and Heltsley, B and Hernández-Rey, J J and Hikasa, K and Hisano, J and Höcker, A and Holder, J and Holtkamp, A and Huston, J and Hyodo, T and Johnson, K F and Kado, M and Karliner, M and Katz, U F and Kenzie, M and Khoze, V A and Klein, S R and Klempt, E and Kowalewski, R V and Krauss, F and Kreps, M and Krusche, B and Kwon, Y and Lahav, O and Laiho, J and Lellouch, L P and Lesgourgues, J and Liddle, A R and Ligeti, Z and Lippmann, C and Liss, T M and Littenberg, L and Lourengo, C and Lugovsky, S B and Lusiani, A and Makida, Y and Maltoni, F and Mannel, T and Manohar, A V and Marciano, W J and Masoni, A and Matthews, J and Meißner, U -G and Mikhasenko, M and Miller, D J and Milstead, D and Mitchell, R E and Mönig, K and Molaro, P and Moortgat, F and Moskovic, M and Nakamura, K and Narain, M and Nason, P and Navas, S and Neubert, M and Nevski, P and Nir, Y and Olive, K A and Patrignani, C and Peacock, J A and Petcov, S T and Petrov, V A and Pich, A and Piepke, A and Pomarol, A and Profumo, S and Quadt, A and Rabbertz, K and Rademacker, J and Raffelt, G and Ramani, H and Ramsey-Musolf, M and Ratcliff, B N and Richardson, P and Ringwald, A and Roesler, S and Rolli, S and Romaniouk, A and Rosenberg, L J and Rosner, J L and Rybka, G and Ryskin, M and Ryutin, R A and Sakai, Y and Salam, G P and Sarkar, S and Sauli, F and Schneider, O and Scholberg, K and Schwartz, A J and Schwiening, J and Scott, D and Sharma, V and Sharpe, S R and Shutt, T and Silari, M and Sjöstrand, T and Skands, P and Skwarnicki, T and Smoot, G F and Soffer, A and Sozzi, M S and Spanier, S and Spiering, C and Stahl, A and Stone, S L and Sumino, Y and Sumiyoshi, T and Syphers, M J and Takahashi, F and Tanabashi, M and Tanaka, J and Taševský, M and Terashi, K and Terning, J and Thoma, U and Thorne, R S and Tiator, L and Titov, M and Tkachenko, N P and Tovey, D R and Trabelsi, K and Urquijo, P and Valencia, G and Van de Water, R and Varelas, N and Venanzoni, G and Verde, L and Vincter, M G and Vogel, P and Vogelsang, W and Vogt, A and Vorobyev, V and Wakely, S P and Walkowiak, W and Walter, C W and Wands, D and Wascko, M O and Weinberg, D H and Weinberg, E J and White, M and Wiencke, L R and Willocq, S and Woody, C L and Workman, R L and Yokoyama, M and Yoshida, R and Zanderighi, G and Zeller, G P and Zenin, O V and Zhu, R -Y and Zhu, S -L and Zimmermann, F and Anderson, J and Basaglia, T and Lugovsky, V S and Schaffner, P and Zheng, W},
    title = "{Review of Particle Physics}",
    journal = {Progress of Theoretical and Experimental Physics},
    volume = {2020},
    number = {8},
    year = {2020},
    month = {08},
    issn = {2050-3911},
    doi = {10.1093/ptep/ptaa104},
    url = {https://doi.org/10.1093/ptep/ptaa104},
    note = {083C01},
    eprint = {https://academic.oup.com/ptep/article-pdf/2020/8/083C01/34673722/ptaa104.pdf},
}
%=== From Google Scholar ===%
%article{particle2020review,
%  title={Review of particle physics},
%  author={Particle Data Group and Zyla, PAea and Barnett, RM and Beringer, J and Dahl, O and Dwyer, DA and Groom, DE and Lin, C-J and Lugovsky, KS and Pianori, E and others},
%  journal={Progress of Theoretical and Experimental Physics},
%  volume={2020},
%  number={8},
%  pages={083C01},
%  year={2020},
%  publisher={Oxford University Press}
%}
article{pdg,
    author = "Zyla, P.A. and others",
    title = "{Review of Particle Physics}",
    collaboration = "Particle Data Group",
    doi = "10.1093/ptep/ptaa104",
    journal = "PTEP",
    volume = "2020",
    number = "8",
    pages = "083C01",
    year = "2020",
    note = "and 2021 update"
}
CMS recommends using this reference instead:
article{PDG2020,
    author = "{Particle Data Group} and Zyla, P. A. and others",
    title = "Review of particle physics",
    doi = "10.1093/ptep/ptaa104",
    journal = "Prog. Theor. Exp. Phys.",
    volume = "2020",
    pages = "083C01",
    year = "2020"
}

%======================%
%=== Standard Model ===%
%======================%
% Quarks and Leptons, Halzen and Martin.
@book{Halzen:1984mc,
    author = "Halzen, F. and Martin, Alan D.",
    title = "{Quarks and Leptons: An Introductory Course in Modern Particle Physics}",
    isbn = "978-0-471-88741-6",
    year = "1984"
}
% Noether's Theorem.
@article{Noether1918,
  author = "{Noether, E.}",
  journal = "{Nachrichten von der Gesellschaft der Wissenschaften zu G\"ottingen, Mathematisch-Physikalische Klasse}",
  language = {ger},
  pages = {235-257},
  title = "{Invariante Variationsprobleme}",
  url = {https://eudml.org/doc/59024},
  volume = "1918",
  year = "1918",
}
% Theoretical a_e.
@article{Aoyama:2014sxa,
    title = "{Tenth-Order Electron Anomalous Magnetic Moment: Contribution of Diagrams without Closed Lepton Loops}",
    author = "Aoyama, T. and others",
    eprint = "1412.8284",
    archivePrefix = "arXiv",
    primaryClass = "hep-ph",
    doi = "10.1103/PhysRevD.91.033006",
    journal = "Phys. Rev. D",
    volume = "91",
    number = "3",
    pages = "033006",
    year = "2015",
    note = "[Erratum: Phys.Rev.D 96, 019901 (2017)]"
}
% Measured a_e.
@article{Hanneke:2008tm,
    author = "Hanneke, D. and others",
    title = "{New Measurement of the Electron Magnetic Moment and the Fine Structure Constant}",
    eprint = "0801.1134",
    archivePrefix = "arXiv",
    primaryClass = "physics.atom-ph",
    doi = "10.1103/PhysRevLett.100.120801",
    journal = "Phys. Rev. Lett.",
    volume = "100",
    pages = "120801",
    year = "2008"
}  % GOOD!
% Mexican hat potential.
@article{bass_higgs_2021,
	title = {The {Higgs} boson implications and prospects for future discoveries},
	volume = {3},
	issn = {2522-5820},
	url = {https://www.nature.com/articles/s42254-021-00341-2},
	doi = {10.1038/s42254-021-00341-2},
	language = {en},
	number = {9},
	urldate = {2022-08-23},
	journal = {Nat. Rev. Phys.},
	author = {Bass, S. and others},
	month = sep,
	year = {2021},
	pages = {608--624},
}
	author = {Bass, Steven D. and De Roeck, Albert and Kado, Marumi},
% Two-Higgs-Doublet Models.
@article{Branco:2011iw,
    author = "Branco, G. C. and Ferreira, P. M. and Lavoura, L. and Rebelo, M. N. and Sher, Marc and Silva, Joao P.",
    title = "{Theory and phenomenology of two-Higgs-doublet models}",
    eprint = "1106.0034",
    archivePrefix = "arXiv",
    primaryClass = "hep-ph",
    doi = "10.1016/j.physrep.2012.02.002",
    journal = "Phys. Rept.",
    volume = "516",
    pages = "1--102",
    year = "2012"
}

% Dr. Xunwu Zuo's thesis.
@phdthesis{thesis_xunwu,
  author      = "{Zuo, X.}",
  title       = "{A Search for the Standard Model Higgs Boson Decaying into Two Muons in the Vector Boson Associated Production Mode at the CMS Experiment}",
  school      = "{University of Florida}",
  year        = {2021}
}

@article{PhysRevLett.128.232501,
  title = {Results from the {Baksan} {Experiment} on Sterile Transitions {(BEST)}},
  author = {Barinov, V. and others},
  journal = {Phys. Rev. Lett.},
  volume = {128},
  issue = {23},
  pages = {232501},
  numpages = {7},
  year = {2022},
  month = {Jun},
  publisher = {American Physical Society},
  doi = {10.1103/PhysRevLett.128.232501},
  url = {https://link.aps.org/doi/10.1103/PhysRevLett.128.232501}
}
% Mass Measurement: Top Quark
@article{Tumasyan:2779091,
      author        = "{Tumasyan, A. and others}",
      title         = "{Measurement of the top quark mass using events with a single reconstructed top quark in pp collisions at $\sqrt{s} = 13\TeV$}",
      journal       = "JHEP",
      collaboration = "CMS",
      archivePrefix = "arXiv",
      eprint        = "2108.10407",
      reportNumber  = "CMS-TOP-19-009, CERN-EP-2021-124, CMS-TOP-19-009-003",
      volume        = "2112",
      pages         = "161. 54 p",
      month         = "Aug",
      year          = "2021",
      url           = "https://cds.cern.ch/record/2779091",
      note          = "Replaced with the published version. Added the journal reference and the DOI. All the figures and tables can be found at http://cms-results.web.cern.ch/cms-results/public-results/publications/TOP-19-009 (CMS Public Pages)",
      doi           = "10.1007/JHEP12(2021)161"
}
%=== W-Boson Mass Measurement ===%
% CDF MW=80,433.5 +- 6.4 stat +- 6.9 syst = 80,433.5 +- 9.4 MeV/c2
% SM expectation: MW=80,357 +- 4inputs +- 4theory MeV
@article{cdf_collaboration_high-precision_2022,
	title = {High-precision measurement of the \textit{{W}} boson mass with the {CDF} {II} detector},
	volume = {376},
	issn = {0036-8075, 1095-9203},
	url = {https://www.science.org/doi/10.1126/science.abk1781},
	doi = {10.1126/science.abk1781},
	language = {en},
	number = {6589},
	urldate = {2022-06-10},
	journal = {Science},
  collaboration = {CDF},
	author = {Zuc, S.},
	month = apr,
	year = {2022},
	pages = {170--176},
}
	author = {{CDF Collaboration{\textdagger}{\textdaggerdbl}} and Aaltonen, T. 

%%%%%%%%%%%%%%%%%%%%%%%%%%%%
%=== LHC and Luminosity ===%
%%%%%%%%%%%%%%%%%%%%%%%%%%%%
% CERN Accelerator Complex.
% TODO: URL not showing up.
@unpublished{cern_complex,
      author        = "Lopienska, Ewa",
      title         = "{The CERN accelerator complex, layout in 2022. Complexe des accélérateurs du CERN en janvier 2022}",
      month         = "Feb",
      year          = "2022",
      url           = "https://cds.cern.ch/record/2800984",
      note          = "General Photo",
}
% Dipole magnet cross section.
unpublished
@unpublished{dipole_xs,
      author        = "Maximilien Brice",
      title         = "{Cross section of an LHC dipole in the tunnel}",
      month         = "Jul",
      year          = "2011",
      url           = "https://cds.cern.ch/record/1365795",
}
% Pileup plot.
% TODO: get more info about this guy.
@unpublished{pileup,
      title         = "{Interactions per crossing (pileup) for 2011--2012 and 2015--2018}",
      url           = "https://twiki.cern.ch/twiki/bin/view/CMSPublic/LumiPublicResults",
}
% Proton--proton collision.
@unpublished{pp_collision,
      title         = "{When protons collide, from ATLAS Physics Master Classes}",
      url           = "https://atlas.physicsmasterclasses.org/en/zpath_protoncollisions.html",
}
% Proton--proton inelastic cross section.
@article{ATLAS:2016ygv,
    author = "Aaboud, M. and others",
    collaboration = "ATLAS",
    title = "{Measurement of the Inelastic Proton-Proton Cross Section at $\sqrt{s} = 13$  TeV with the ATLAS Detector at the LHC}",
    eprint = "1606.02625",
    archivePrefix = "arXiv",
    primaryClass = "hep-ex",
    reportNumber = "CERN-EP-2016-140",
    doi = "10.1103/PhysRevLett.117.182002",
    journal = "Phys. Rev. Lett.",
    volume = "117",
    number = "18",
    pages = "182002",
    year = "2016"
}


%%%%%%%%%%%%%%%%%%%%%%%%%%%%
%=== The CMS Experiment ===%
%%%%%%%%%%%%%%%%%%%%%%%%%%%%
% TODO: Get URL to show up.
@unpublished{lhc_poi,
      title         = "{Underground infrastructure and alignments of the SPS, LEP and LHC collider tunnels}",
      url           = "https://www.tunneltalk.com/CERN-10Dec2014-Future-Circular-Collider-preliminary-alignment-studies.php",
      month         = "Dec",
      year          = "2014",
      author        = "Peter Kenyon"
}
@techreport{cms_cut_away,
      author        = "Sakuma, Tai",
      title         = "{Cutaway diagrams of CMS detector}",
      collaboration = "CMS",
      month         = "May",
      year          = "2019",
      number        = "{CMS-OUTREACH-2019-001}",
      url           = "https://cds.cern.ch/record/2665537",
}

% TODO: Get URL to show up.
@unpublished{cms_filter,
      author        = "Barney, David",
      title         = "{CMS Detector Slice}",
      month         = "Jan",
      year          = "2016",
      url           = "https://cds.cern.ch/record/2120661",
      note          = "CMS Collection",
}
% TODO: Get URL to show up.
@unpublished{strip_detector_xs,
  collaboration = "{CMS}",
  title  = "{CMS Tracker layers shown in the plane perpendicular to the beam}",
  year   = {2016},
  url    = "https://cms.cern/detector/identifying-tracks/silicon-strips",
}
% TODO: Get URL to show up.
@unpublished{ecal_crystal_lab,
  author = {Lucas Taylor},
  note   = {},
  title  = "{Lead tungstate crystals for the CMS ECAL}",
  year   = {2011},
  url    = {https://cms.cern/book/export/html/1198},
}
% Phase-1 Pixel Upgrade.
@article{pixel_phase1,
      author        = "Adam, W. and others",
      title         = "{The CMS Phase-1 Pixel Detector Upgrade}",
      journal       = "JINST",
      collaboration = "CMS Tracker Group of the CMS",
      archivePrefix = "arXiv",
      eprint        = "2012.14304",
      reportNumber  = "02",
      volume        = "16",
      pages         = "P02027. 84 p",
      month         = "Dec",
      year          = "2020",
      url           = "https://cds.cern.ch/record/2748381",
      doi           = "10.1088/1748-0221/16/02/P02027",
}
@unpublished{tracker_real,
  collaboration = {CMS},
  note   = {https://cms.cern/detector/identifying-tracks},
  title  = "{CMS Tracker showing silicon strip detectors in the barrel module}",
  year   = {2017}
}
% TODO: INCORPORATE
@techreport{Dominguez:1481838,
      author        = "Dominguez, A and others",
      editor        = "Dominguez, A",
      title         = "{CMS Technical Design Report for the Pixel Detector Upgrade}",
      reportNumber  = "CERN-LHCC-2012-016, CMS-TDR-11",
      month         = "Sep",
      year          = "2012",
      url           = "https://cds.cern.ch/record/1481838",
      note          = "Additional contacts: Jeffrey Spalding, Fermilab,
                       Jeffrey.Spalding@cern.ch Didier Contardo, Universite Claude
                       Bernard-Lyon I, didier.claude.contardo@cern.ch",
}
techreport{arXiv:2012.14304_xunwu,
      title         = "{The CMS Phase-1 Pixel Detector Upgrade}",
      collaboration = "CMS Tracker Group",
      number        = "arXiv:2012.14304",
      month         = "Dec",
      year          = "2020",
      reportNumber  = "arXiv:2012.14304",
      url           = "https://cds.cern.ch/record/2748381",
}
% Magnetic Field Lines.
@article{mag_field_lines,
    author = "Chatrchyan, S and others",
    collaboration = "CMS",
    title = "{Precise Mapping of the Magnetic Field in the CMS Barrel Yoke using Cosmic Rays}",
    eprint = "0910.5530",
    archivePrefix = "arXiv",
    primaryClass = "physics.ins-det",
    reportNumber = "CMS-CFT-09-015",
    doi = "10.1088/1748-0221/5/03/T03021",
    journal = "JINST",
    volume = "5",
    pages = "T03021",
    year = "2010"
}
@article{cms_long_xs_view,
    author = "Sirunyan, A. M. and others",
    collaboration = "CMS",
    title = "{Performance of the CMS muon detector and muon reconstruction with proton--proton collisions at $\sqrt{s}= 13\TeV$}",
    eprint = "1804.04528",
    archivePrefix = "arXiv",
    primaryClass = "physics.ins-det",
    reportNumber = "CMS-MUO-16-001, CERN-EP-2018-058",
    doi = "10.1088/1748-0221/13/06/P06015",
    journal = "JINST",
    volume = "13",
    number = "06",
    pages = "P06015",
    year = "2018"
}
% Particle Flow.
@article{particle_flow,
    author = "Sirunyan, A. M. and others",
    collaboration = "CMS",
    title = "{Particle-flow reconstruction and global event description with the CMS detector}",
    eprint = "1706.04965",
    archivePrefix = "arXiv",
    primaryClass = "physics.ins-det",
    reportNumber = "CMS-PRF-14-001, CERN-EP-2017-110",
    doi = "10.1088/1748-0221/12/10/P10003",
    journal = "JINST",
    volume = "12",
    number = "10",
    pages = "P10003",
    year = "2017"
}
% Xunwu also had these keys but including them doesn't change anything with my jhep.bst file:
	publisher = {{IOP} Publishing},
	pages = {P10003--P10003},
	month = {oct},
	url = {https://doi.org/10.1088%2F1748-0221%2F12%2F10%2Fp10003},
@article{collaboration_cms_2008,
	title = {The {CMS} experiment at the {CERN} {LHC}},
	volume = {3},
	issn = {1748-0221},
	url = {https://iopscience.iop.org/article/10.1088/1748-0221/3/08/S08004},
	doi = {10.1088/1748-0221/3/08/S08004},
	number = {08},
	urldate = {2022-06-10},
	journal = {J. Inst.},
      collaboration = {CMS},
	author = {Collaboration, The CMS and Chatrchyan, S and Hmayakyan, G and Khachatryan, V and Sirunyan, A M and Adam, W and Bauer, T and Bergauer, T and Bergauer, H and Dragicevic, M and Punz, T and Riboni, P},
	month = aug,
	year = {2008},
	pages = {S08004--S08004},
}
% Electron Reconstruction
@article{Ereco_performance_2015,
	title = {Performance of electron reconstruction and selection with the {CMS} detector in proton-proton collisions at $\sqrt{s} = 8${\TeV}},
	volume = {10},
	issn = {1748-0221},
	doi = {10.1088/1748-0221/10/06/P06005},
	language = {en},
	number = {06},
	urldate = {2022-07-23},
	journal = {J. Inst.},
    collaboration = {CMS},
	month = jun,
	year = {2015},
	pages = {P06005--P06005},
	url = {https://iopscience.iop.org/article/10.1088/1748-0221/10/06/P06005},
}
@article{general_track_reco,
	doi = {10.1088/1748-0221/9/10/p10009},
	year = 2014,
	month = {oct},
	publisher = {{IOP} Publishing},
	volume = {9},
	number = {10},
	pages = {P10009--P10009},
      collaboration = {CMS},
	title = {Description and performance of track and primary-vertex reconstruction with the {CMS} tracker},
	journal = {Journal of Instrumentation},
	url = {https://doi.org/10.1088/1748-0221/9/10/p10009},
}
% Gaussian-sum filter
@article{gsf,
	doi = {10.1088/0954-3899/31/9/n01},
	year = 2005,
	month = {jul},
	publisher = {{IOP} Publishing},
	volume = {31},
	number = {9},
	pages = {N9--N20},
	author = {W Adam and others},
	title = {Reconstruction of electrons with the {G}aussian-sum filter in the {CMS} tracker at the {LHC}},
	journal = {Journal of Physics G: Nuclear and Particle Physics},
	url = {https://doi.org/10.1088/0954-3899/31/9/n01},
}
	author = {W Adam and R Frühwirth and A Strandlie and T Todorov},
% Muon Reco.
@article{reco_muon,
	doi = {10.1088/1748-0221/7/10/p10002},
	year = 2012,
	month = {oct},
	publisher = {{IOP} Publishing},
	volume = {7},
	number = {10},
	pages = {P10002--P10002},
	author = {The CMS collaboration},
      collaboration = {CMS},
	title = "{Performance of {CMS} muon reconstruction in pp collision events at {$\sqrt{s} = 7\TeV$}}",
	journal = {J. Inst.},
	url = {https://doi.org/10.1088/1748-0221/7/10/p10002},
}

@article{hps_algo1,
    author = "Chatrchyan, Serguei and others",
    collaboration = "CMS",
    title = "{Performance of $\tau$-lepton reconstruction and identification in CMS}",
    eprint = "1109.6034",
    archivePrefix = "arXiv",
    primaryClass = "physics.ins-det",
    reportNumber = "CERN-PH-EP-2011-137, CMS-TAU-11-001",
    doi = "10.1088/1748-0221/7/01/P01001",
    journal = "JINST",
    volume = "7",
    pages = "P01001",
    year = "2012",
} % From INSPIRE.
@article{hps_algo2,
    author = "Khachatryan, Vardan and others",
    collaboration = "CMS",
    title = "{Reconstruction and identification of \ensuremath{\tau} lepton decays to hadrons and \ensuremath{\nu}$_\tau$ at CMS}",
    eprint = "1510.07488",
    archivePrefix = "arXiv",
    primaryClass = "physics.ins-det",
    reportNumber = "CMS-TAU-14-001, CERN-PH-EP-2015-261",
    doi = "10.1088/1748-0221/11/01/P01019",
    journal = "JINST",
    volume = "11",
    number = "01",
    pages = "P01019",
    year = "2016"
} % From INSPIRE.
@article{Cacciari:2008gp,
    author = "Cacciari, Matteo and others",
    title = "{The anti-$\kt$ jet clustering algorithm}",
    eprint = "0802.1189",
    archivePrefix = "arXiv",
    primaryClass = "hep-ph",
    reportNumber = "LPTHE-07-03",
    doi = "10.1088/1126-6708/2008/04/063",
    journal = "JHEP",
    volume = "04",
    pages = "063",
    year = "2008"
} % From INSPIRE.
@article{Cacciari:2011ma,
    author = "Cacciari, Matteo and others",
    title = "{FastJet User Manual}",
    eprint = "1111.6097",
    archivePrefix = "arXiv",
    primaryClass = "hep-ph",
    reportNumber = "CERN-PH-TH-2011-297",
    doi = "10.1140/epjc/s10052-012-1896-2",
    journal = "Eur. Phys. J. C",
    volume = "72",
    pages = "1896",
    year = "2012"
} % From INSPIRE.
@article{CMS:2016lmd,
    author = "Khachatryan, Vardan and others",
    collaboration = "CMS",
    title = "{Jet energy scale and resolution in the CMS experiment in pp collisions at 8 TeV}",
    eprint = "1607.03663",
    archivePrefix = "arXiv",
    primaryClass = "hep-ex",
    reportNumber = "CMS-JME-13-004, CERN-PH-EP-2015-305",
    doi = "10.1088/1748-0221/12/02/P02014",
    journal = "JINST",
    volume = "12",
    number = "02",
    pages = "P02014",
    year = "2017"
} % From INSPIRE.


% TODO: INCORPORATE?
CERN
% LUM-17-003
% From iNSPIRE:
@article{LUM_17_003,
    author = "Sirunyan, A. M. and others",
    collaboration = "CMS",
    title = "Precision luminosity measurement in proton-proton collisions at $\sqrt{s}={13\TeV}$ in 2015 and 2016 at {CMS}",
    eprint = "2104.01927",
    archivePrefix = "arXiv",
    primaryClass = "hep-ex",
    doi = "10.1140/epjc/s10052-021-09538-2",
    journal = "Eur. Phys. J. C",
    volume = "81",
    pages = "800",
    year = "2021"
}
% LUM-17-004
@techreport{LUM_17_004,
    author = "{CMS Collaboration}",
    collaboration = "CMS",
    title = "{CMS} luminosity measurement for the 2017 data-taking period at $\sqrt{s}={13\TeV}$",
    type = "CMS Physics Analysis Summary",
    number = "CMS-PAS-LUM-17-004",
    year = "2018",
    url = "http://cds.cern.ch/record/2621960"
}
% LUM-18-002
@techreport{LUM_18_002,
    author = "{CMS Collaboration}",
    collaboration = "CMS",
    title = "{CMS} luminosity measurement for the 2018 data-taking period at $\sqrt{s}={13\TeV}$",
    type = "CMS Physics Analysis Summary",
    number = "CMS-PAS-LUM-18-002",
    year = "2019",
    url = "http://cds.cern.ch/record/2676164"
}

%%%%%%%%%%%%%%%%%%%%%%%
%=== Higgs Physics ===%
%%%%%%%%%%%%%%%%%%%%%%%
% Higgs production cross section.
@techreport{CMS-HIG-19-016,
      title         = "{Measurement of the Higgs boson inclusive and differential fiducial production cross sections in the diphoton decay channel with pp collisions at $\sqrt{s} = 13\TeV$}",
      institution   = "CERN",
      collaboration = "CMS",
      address       = "Geneva",
      archivePrefix = "arXiv",
      eprint        = "2208.12279",
      number        = "CMS-HIG-19-016, CERN-EP-2022-142, CMS-HIG-19-016-003",
      year          = "2022",
      url           = "https://cds.cern.ch/record/2825355",
      note          = "Submitted to the Journal of High Energy Physics. All figures and tables can be found at http://cms-results.web.cern.ch/cms-results/public-results/publications/HIG-19-016 (CMS Public Pages)",
      type          = "CMS Physics Analysis Summary"
}
% Production cross section measurements.
@article{HIG_19_001,
    author = "Sirunyan, Albert M and others",
    collaboration = "CMS",
    title = "{Measurements of production cross sections of the Higgs boson in the four-lepton final state in proton\textendash{}proton collisions at $\sqrt{s} = 13\,\text {Te}\text {V} $}",
    eprint = "2103.04956",
    archivePrefix = "arXiv",
    primaryClass = "hep-ex",
    reportNumber = "CMS-HIG-19-001, CERN-EP-2021-016",
    doi = "10.1140/epjc/s10052-021-09200-x",
    journal = "Eur. Phys. J. C",
    volume = "81",
    number = "6",
    pages = "488",
    year = "2021"
}
% Higgs branching fractions.
@article{ATLAS:2022vkf,
    collaboration = "ATLAS",
    title = "{A detailed map of Higgs boson interactions by the ATLAS experiment ten years after the discovery}",
    eprint = "2207.00092",
    archivePrefix = "arXiv",
    primaryClass = "hep-ex",
    reportNumber = "CERN-EP-2022-057",
    doi = "10.1038/s41586-022-04893-w",
    journal = "Nature",
    volume = "607",
    number = "7917",
    pages = "52--59",
    year = "2022"
}

%%%%%%%%%%%%%%%%%%%%%%%%%%%%%%%%%%%%%%%%%
%=== Higgs mass measurement analysis ===%
%%%%%%%%%%%%%%%%%%%%%%%%%%%%%%%%%%%%%%%%%
@techreport{HIG_21_019,
  title         = "{Higgs boson mass and on-shell width measurements in the four-lepton final state using full Run 2 data}",
  month         = jun,
  institution   = "CERN",
  collaboration = "CMS",
  address       = "Geneva",
  number        = "CMS-PAS-HIG-21-019",
  year          = "2022",
  type          = "CMS Physics Analysis Summary"
}
% PDF Uncertainties.
@article{Alekhin:2011sk,
    author = "Alekhin, Sergey and others",
    title = "{The PDF4LHC Working Group Interim Report}",
    eprint = "1101.0536",
    archivePrefix = "arXiv",
    primaryClass = "hep-ph",
    month = "1",
    year = "2011"
}
@article{Botje:2011sn,
    author = "Botje, Michiel and others",
    title = "{The PDF4LHC Working Group Interim Recommendations}",
    eprint = "1101.0538",
    archivePrefix = "arXiv",
    primaryClass = "hep-ph",
    month = "1",
    year = "2011"
}


% Universe stability (citation taken straight from url).
@article{univ_stab,
  title = {Scale-invariant instantons and the complete lifetime of the standard model},
  author = {Andreassen, Anders and Frost, William and Schwartz, Matthew D.},
  journal = {Phys. Rev. D},
  volume = {97},
  issue = {5},
  pages = {056006},
  numpages = {42},
  year = {2018},
  month = {Mar},
  publisher = {American Physical Society},
  doi = {10.1103/PhysRevD.97.056006},
  url = {https://link.aps.org/doi/10.1103/PhysRevD.97.056006}
}
%%%%%%%%%%%%%%%%%%%%
%=== Statistics ===%
%%%%%%%%%%%%%%%%%%%%
@article{cowan_asymptotic_2011,
	title = {Asymptotic formulae for likelihood-based tests of new physics},
	volume = {71},
	issn = {1434-6044, 1434-6052},
	url = {http://link.springer.com/10.1140/epjc/s10052-011-1554-0},
	doi = {10.1140/epjc/s10052-011-1554-0},
	abstract = {We describe likelihood-based statistical tests for use in high energy physics for the discovery of new phenomena and for construction of conﬁdence intervals on model parameters. We focus on the properties of the test procedures that allow one to account for systematic uncertainties. Explicit formulae for the asymptotic distributions of test statistics are derived using results of Wilks and Wald. We motivate and justify the use of a representative data set, called the “Asimov data set”, which provides a simple method to obtain the median experimental sensitivity of a search or measurement as well as ﬂuctuations about this expectation.},
	language = {en},
	number = {2},
	urldate = {2022-08-03},
	journal = {Eur. Phys. J. C},
	author = {Cowan, Glen and Cranmer, Kyle and Gross, Eilam and Vitells, Ofer},
	month = feb,
	year = {2011},
	pages = {1554},
}
	author = {Cowan, Glen and Cranmer, Kyle and Gross, Eilam and Vitells, Ofer},
% Xunwu's:
article{Cowan:2010js,
      author         = "Cowan, Glen and Cranmer, Kyle and Gross, Eilam and Vitells, Ofer",
      title          = "{Asymptotic formulae for likelihood-based tests of new physics}",
      journal        = "Eur. Phys. J.",
      volume         = "C71",
      year           = "2011",
      pages          = "1554",
      doi            = "10.1140/epjc/s10052-011-1554-0,
                        10.1140/epjc/s10052-013-2501-z",
      note           = "[Erratum: Eur. Phys. J.C73,2501(2013)]",
      eprint         = "1007.1727",
      archivePrefix  = "arXiv",
      primaryClass   = "physics.data-an",
      SLACcitation   = "%%CITATION = ARXIV:1007.1727;%%"    
}
@article{higgs_combo_proc_2011,
    collaboration = "ATLAS, CMS, LHC Higgs Combination Group",
    title = "{Procedure for the LHC Higgs boson search combination in Summer 2011}",
    reportNumber = "CMS-NOTE-2011-005, ATL-PHYS-PUB-2011-011, ATL-PHYS-PUB-2011-11",
    month = "8",
    year = "2011",
      url           = "https://cds.cern.ch/record/1379837",
      address       = "Geneva",
      institution   = "CERN",
}
% Higgs boson lifetime.
@techreport{CMS-PAS-HIG-21-013,
      title         = "{Evidence for off-shell Higgs boson production and first measurement of its width}",
      institution   = "CERN",
      collaboration = "CMS",
      address       = "Geneva",
      number        = "CMS-PAS-HIG-21-013",
      year          = "2021",
      url           = "https://cds.cern.ch/record/2784590",
      type          = "CMS Physics Analysis Summary"
}

% TODO: Need to have URL show up? Xunwu uses (at)misc, then "URL <monospace font hyperlink>" 
@misc{ultralegacy_twiki,
  author       = "{Physics Data and Monte Carlo Validation (PdmV) Group}",
  title        = "{Run-2 UltraLegacy Datasets for Analysis}",
  year         = {2022},
  month        = aug,
  url = "{https://twiki.cern.ch/twiki/bin/viewauth/CMS/PdmVRun2LegacyAnalysis}",
}

%%%%%%%%%%%%%%%%%%%%%%%%%%%%%%%%%
%=== Dilepton Mass Resonance ===%
%%%%%%%%%%%%%%%%%%%%%%%%%%%%%%%%%
% POWHEG.
@article{frixione_matching_2007,
	title = {Matching {NLO} {QCD} computations with parton shower simulations: the {POWHEG} method},
	volume = {2007},
	issn = {1029-8479},
	shorttitle = {Matching {NLO} {QCD} computations with parton shower simulations},
	url = {http://stacks.iop.org/1126-6708/2007/i=11/a=070?key=crossref.8e04df1060fec61f003ae2e9336c6783},
	doi = {10.1088/1126-6708/2007/11/070},
	number = {11},
	urldate = {2022-08-07},
	journal = {J. High Energy Phys.},
	author = {Frixione, Stefano and Nason, Paolo and Oleari, Carlo},
	month = nov,
	year = {2007},
	pages = {070--070},
}
@article{bagnaschi_higgs_2012,
	title = {Higgs production via gluon fusion in the {POWHEG} approach in the {SM} and in the {MSSM}},
	volume = {2012},
	issn = {1029-8479},
	url = {https://link.springer.com/10.1007/JHEP02(2012)088},
	doi = {10.1007/JHEP02(2012)088},
	language = {en},
	number = {2},
	urldate = {2022-08-07},
	journal = {J. High Energ. Phys.},
	author = {Bagnaschi, E. and Degrassi, G. and Slavich, P. and Vicini, A.},
	month = feb,
	year = {2012},
	pages = {88},
}
@article{alioli_general_2010,
	title = {A general framework for implementing {NLO} calculations in shower {Monte} {Carlo} programs: the {POWHEG} {BOX}},
	volume = {2010},
	issn = {1029-8479},
	shorttitle = {A general framework for implementing {NLO} calculations in shower {Monte} {Carlo} programs},
	url = {http://link.springer.com/10.1007/JHEP06(2010)043},
	doi = {10.1007/JHEP06(2010)043},
	language = {en},
	number = {6},
	urldate = {2022-08-07},
	journal = {J. High Energ. Phys.},
	author = {Alioli, Simone and Nason, Paolo and Oleari, Carlo and Re, Emanuele},
	month = jun,
	year = {2010},
	pages = {43},
}
@article{nason_new_2004,
	title = {A {New} {Method} for {Combining} {NLO} {QCD} with {Shower} {Monte} {Carlo} {Algorithms}},
	volume = {2004},
	issn = {1029-8479},
	url = {http://stacks.iop.org/1126-6708/2004/i=11/a=040?key=crossref.ec184f2e2b0a278ec2e35218b4672634},
	doi = {10.1088/1126-6708/2004/11/040},
	number = {11},
	urldate = {2022-08-07},
	journal = {J. High Energy Phys.},
	author = {Nason, Paolo},
	month = nov,
	year = {2004},
	pages = {040--040},
}
% 
@article{hdecay_gao_spin_2010,
	title = {Spin determination of single-produced resonances at hadron colliders},
	volume = {81},
	issn = {1550-7998, 1550-2368},
	url = {https://link.aps.org/doi/10.1103/PhysRevD.81.075022},
	doi = {10.1103/PhysRevD.81.075022},
	language = {en},
	number = {7},
	urldate = {2022-08-07},
	journal = {Phys. Rev. D},
	author = {Gao, Yanyan and Gritsan, Andrei V. and Guo, Zijin and Melnikov, Kirill and Schulze, Markus and Tran, Nhan V.},
	month = apr,
	year = {2010},
	pages = {075022},
}

@article{hdecay_bolognesi_spin_2012,
	title = {Spin and parity of a single-produced resonance at the {LHC}},
	volume = {86},
	issn = {1550-7998, 1550-2368},
	url = {https://link.aps.org/doi/10.1103/PhysRevD.86.095031},
	doi = {10.1103/PhysRevD.86.095031},
	language = {en},
	number = {9},
	urldate = {2022-08-07},
	journal = {Phys. Rev. D},
	author = {Bolognesi, Sara and Gao, Yanyan and Gritsan, Andrei V. and Melnikov, Kirill and Schulze, Markus and Tran, Nhan V. and Whitbeck, Andrew},
	month = nov,
	year = {2012},
	pages = {095031},
}

@article{mcfm_campbell_precision_2019,
	title = {Precision phenomenology with {MCFM}},
	volume = {2019},
	issn = {1029-8479},
	url = {https://link.springer.com/10.1007/JHEP12(2019)034},
	doi = {10.1007/JHEP12(2019)034},
	language = {en},
	number = {12},
	urldate = {2022-08-07},
	journal = {J. High Energ. Phys.},
	author = {Campbell, John and Neumann, Tobias},
	month = dec,
	year = {2019},
	pages = {34},
}

@article{nlo_corr_grazzini_fully_2018,
	title = {Fully differential {NNLO} computations with {MATRIX}},
	volume = {78},
	issn = {1434-6044, 1434-6052},
	url = {http://arxiv.org/abs/1711.06631},
	doi = {10.1140/epjc/s10052-018-5771-7},
	number = {7},
	urldate = {2022-08-07},
	journal = {Eur. Phys. J. C},
	author = {Grazzini, Massimiliano and Kallweit, Stefan and Wiesemann, Marius},
	month = jul,
	year = {2018},
	note = {arXiv:1711.06631 [hep-ex, physics:hep-ph]},
	keywords = {High Energy Physics - Experiment, High Energy Physics - Phenomenology},
	pages = {537},
	annote = {Comment: 76 pages, 2 figures, 11 tables},
}
% Theory cross sections for ZD.
@article{Curtin:2014cca,
    author = "Curtin, David and others",
    title = "{Illuminating Dark Photons with High-Energy Colliders}",
    eprint = "1412.0018",
    archivePrefix = "arXiv",
    primaryClass = "hep-ph",
    reportNumber = "YITP-SB-14-49",
    doi = "10.1007/JHEP02(2015)157",
    journal = "JHEP",
    volume = "02",
    pages = "157",
    year = "2015"
}
% Cross section of ggH.
@article{Anastasiou:2016cez,
    author = "Anastasiou, Charalampos and others",
    title = "{High precision determination of the gluon fusion Higgs boson cross-section at the LHC}",
    eprint = "1602.00695",
    archivePrefix = "arXiv",
    primaryClass = "hep-ph",
    reportNumber = "CP3-16-01, ZU-TH-27-15, NIKHEF-2016-004, CERN-TH-2016-006",
    doi = "10.1007/JHEP05(2016)058",
    journal = "JHEP",
    volume = "05",
    pages = "058",
    year = "2016"
}
% THE EPJC PAPER.
@article{CMS:2021pcy,
    author = "Tumasyan, A. and others",
    collaboration = "CMS",
    title = "{Search for low-mass dilepton resonances in Higgs boson decays to four-lepton final states in proton\textendash{}proton collisions at $\sqrt{s}=13\,\text {TeV} $}",
    eprint = "2111.01299",
    archivePrefix = "arXiv",
    primaryClass = "hep-ex",
    reportNumber = "CMS-HIG-19-007, CERN-EP-2021-093",
    doi = "10.1140/epjc/s10052-022-10127-0",
    journal = "Eur. Phys. J. C",
    volume = "82",
    number = "4",
    pages = "290",
    year = "2022"
}














%%%%%%%%%%%%%%%%%%%%%%%%%%%%%%%%%%%
%--- Xunwu's references below. ---%
%%%%%%%%%%%%%%%%%%%%%%%%%%%%%%%%%%%
@article{Arbuzov:2315477,
      author        = "Arbuzov, A.B.",
      title         = "{Quantum Field Theory and the Electroweak Standard Model}",
      number        = "arXiv:1801.05670",
      pages         = "1-34. 35 p",
      month         = "Jan",
      year          = "2018",
      reportNumber  = "arXiv:1801.05670",
      url           = "https://cds.cern.ch/record/2315477",
      note          = "35 pages",
      doi           = "10.23730/CYRSP-2017-004.1",
}

@misc{SM_table_CERN,
  title        = {Go on a particle quest at the first CERN webfest},
  url          = {https://cds.cern.ch/journal/CERNBulletin/2012/35/News%20Articles/1473657}
}

%% web source
@misc{quadrupole_wiki,
  title = {Magnetic field of an idealized quadrupole},
  url = {https://en.wikipedia.org/wiki/File:Magnetic_field_of_an_idealized_quadrupole_with_forces.svg}
}

%% LHC and CMS

% LHC
@article{Evans_2008,
	doi = {10.1088/1748-0221/3/08/s08001},
	url = {https://doi.org/10.1088/1748-0221/3/08/s08001},
	year = 2008,
	month = {aug},
	publisher = {{IOP} Publishing},
	volume = {3},
	number = {08},
	pages = {S08001--S08001},
	author = {Lyndon Evans and Philip Bryant},
	title = {{LHC} Machine},
	journal = {Journal of Instrumentation}
}

% LHC lumi
@misc{lhc_lumi_pub,
  title        = {CMS Luminosity - Public Results},
  url          = {https://twiki.cern.ch/twiki/bin/view/CMSPublic/LumiPublicResults}
}

% CMS
@article{Collaboration_2008,
	doi = {10.1088/1748-0221/3/08/s08004},
	url = {https://doi.org/10.1088/1748-0221/3/08/s08004},
	year = 2008,
	month = {aug},
	publisher = {{IOP} Publishing},
	volume = {3},
	number = {08},
	pages = {S08004--S08004},
      author = {CMS Collaboration},
	title = {The {CMS} experiment at the {CERN} {LHC}},
	journal = {Journal of Instrumentation}
}

% CMS magnetic field
@article{Collaboration_2010,
	doi = {10.1088/1748-0221/5/03/t03021},
	url = {https://doi.org/10.1088/1748-0221/5/03/t03021},
	year = 2010,
	month = {mar},
	publisher = {{IOP} Publishing},
	volume = {5},
	number = {03},
	pages = {T03021--T03021},
	author = {CMS Collaboration},
	title = {Precise mapping of the magnetic field in the {CMS} barrel yoke using cosmic rays},
	journal = {Journal of Instrumentation}
}

% phase-1 tracker
@misc{phase1_tracker,
  title        = {Sketches of the CMS Tracker Detector},
  url          = {https://twiki.cern.ch/twiki/bin/view/CMSPublic/DPGResultsTRK}
}


% ECAL
@article{BROWN200729,
    title = {The CMS electromagnetic Calorimeter},
    journal = {Nuclear Instruments and Methods in Physics Research Section A: Accelerators, Spectrometers, Detectors and Associated Equipment},
    volume = {572},
    number = {1},
    pages = {29-32},
    year = {2007},
    note = {Frontier Detectors for Frontier Physics},
    issn = {0168-9002},
    doi = {https://doi.org/10.1016/j.nima.2006.10.240},
    url = {https://www.sciencedirect.com/science/article/pii/S016890020601970X},
    author = {R.M. Brown},
    keywords = {Electromagnetic calorimetry, Lead tungstate, Radiation hardness},
    abstract = {The Electromagnetic Calorimeter for the CMS experiment at the CERN Large Hadron Collider is a high resolution device incorporating 76,000 lead tungstate crystals. The design goals are given, the construction details are described and results of test measurements are presented.}
}

% phase-1 hcal
@techreport{Mans:1481837,
      author        = "Mans, J and Anderson, J and Dahmes, B and de Barbaro, P
                       and Freeman, J and Grassi, T and Hazen, E and Mans, J and
                       Ruchti, R and Schimdt, I and Shaw, T and Tully, C and
                       Whitmore, J and Yetkin, T",
      title         = "{CMS Technical Design Report for the Phase 1 Upgrade of
                       the Hadron Calorimeter}",
      number        = "CERN-LHCC-2012-015. CMS-TDR-10",
      month         = "Sep",
      year          = "2012",
      reportNumber  = "CERN-LHCC-2012-015",
      url           = "https://cds.cern.ch/record/1481837"
}

% phase-1 L1T
% Xunwu's changes to the original citation taken from url:
% * Added key=number and made the value=(reportNumber's value).
% * In number's value, changed comma to dot to separate strings.
% * Removed ", CMS-TDR-12" from reportNumber.
% This techreport printout looks like this:
% <author>, <title>, Technical Report <number>, <month> <year>. <url>
@techreport{Tapper:1556311,
      author        = "Tapper, A and Acosta, Darin",
      editor        = "Tapper, A",
      title         = "{CMS Technical Design Report for the Level-1 Trigger
                       Upgrade}",
      collaboration = "CMS collaboration",
      number        = "CERN-LHCC-2013-011. CMS-TDR-12",
      month         = "Jun",
      year          = "2013",
      reportNumber  = "CERN-LHCC-2013-011",
      url           = "https://cds.cern.ch/record/1556311"
}

% GEM1/1 
@techreport{Colaleo:2021453,
      author        = "Colaleo, A and Safonov, A and Sharma, A and Tytgat, M",
      title         = "{CMS Technical Design Report for the Muon Endcap GEM
                       Upgrade}",
      number        = "CERN-LHCC-2015-012. CMS-TDR-013",
      month         = "Jun",
      year          = "2015",
      reportNumber  = "CERN-LHCC-2015-012",
      url           = "https://cds.cern.ch/record/2021453",
}

% DT timing
@article{ARCE2004441,
title = {Bunched beam test of the CMS drift tubes local muon trigger},
journal = {Nuclear Instruments and Methods in Physics Research Section A: Accelerators, Spectrometers, Detectors and Associated Equipment},
volume = {534},
number = {3},
pages = {441-485},
year = {2004},
issn = {0168-9002},
doi = {https://doi.org/10.1016/j.nima.2004.06.169},
url = {https://www.sciencedirect.com/science/article/pii/S0168900204016559},
author = {CMS Collaboration}
}

% muon detector performance
@article{collaboration_2013,
	doi = {10.1088/1748-0221/8/11/p11002},
	url = {https://doi.org/10.1088/1748-0221/8/11/p11002},
	year = 2013,
	month = {nov},
	publisher = {{IOP} Publishing},
	volume = {8},
	number = {11},
	pages = {P11002--P11002},
	author = {CMS Collaboration},
	title = {The performance of the {CMS} muon detector in proton-proton collisions at $\sqrt{s}$= 7 {TeV} at the {LHC}},
	journal = {Journal of Instrumentation}
}

@article{l1t_perform,
	doi = {10.1088/1748-0221/15/10/p10017},
	url = {https://doi.org/10.1088/1748-0221/15/10/p10017},
	year = 2020,
	month = {oct},
	publisher = {{IOP} Publishing},
	volume = {15},
	number = {10},
	pages = {P10017--P10017},
	author = {CMS Collaboration},
	title = {Performance of the {CMS} Level-1 trigger in proton-proton collisions at $\sqrt{s}$ = 13 {TeV}},
	journal = {Journal of Instrumentation}
}

%TwinMux perfrom
@article{CMS-DP-2016-074,
      title         = "{Performance of the CMS TwinMux Algorithm in late 2016 pp
                       collision runs}",
      collaboration = "CMS Collaboration",
      month         = "Dec",
      year          = "2016",
      reportNumber  = "CMS-DP-2016-074",
      url           = "https://cds.cern.ch/record/2239285",
}

%time multiplexed trigger
@article{Frazier_2012,
	doi = {10.1088/1748-0221/7/01/c01060},
	url = {https://doi.org/10.1088/1748-0221/7/01/c01060},
	year = 2012,
	month = {jan},
	publisher = {{IOP} Publishing},
	volume = {7},
	number = {01},
	pages = {C01060--C01060},
	author = {R Frazier and S Fayer and G Hall and C Hunt and G Iles and D Newbold and A Rose},
	title = {A demonstration of a Time Multiplexed Trigger for the {CMS} experiment},
	journal = {Journal of Instrumentation}
}


%%% CERN notes
@article{Heinemeyer:2013tqa,
    author = "Andersen, J R and others",
    editor = "Heinemeyer, S and Mariotti, C and Passarino, G and Tanaka, R",
    collaboration = "LHC Higgs Cross Section Working Group",
    title = "{Handbook of LHC Higgs Cross Sections: 3. Higgs Properties}",
    eprint = "1307.1347",
    archivePrefix = "arXiv",
    primaryClass = "hep-ph",
    reportNumber = "CERN-2013-004",
    doi = "10.5170/CERN-2013-004",
    month = "7",
    year = "2013"
}


@unpublished{deFlorian:2016spz,
    author = "{LHC Higgs Cross Section Working Group}",
    title = "{Handbook of LHC Higgs Cross Sections: 4. Deciphering the Nature of the Higgs Sector}",
    eprint = "1610.07922",
    archivePrefix = "arXiv",
    primaryClass = "hep-ph",
    reportNumber = "CERN-2017-002-M, CERN-2017-002",
    doi = "10.23731/CYRM-2017-002",
    volume = "2/2017",
    month = "10",
    year = "2016"
}

@article{Davis:2205172,
      author        = "Davis, Siona Ruth",
      title         = "{Interactive Slice of the CMS detector}",
      collaboration = "CMS Collaboration",
      month         = "Aug",
      year          = "2016",
      reportNumber  = "CMS-OUTREACH-2016-027",
      url           = "https://cds.cern.ch/record/2205172",
}

@techreport{Strandlie:927379,
      author        = "Strandlie, Are and Wittek, W",
      title         = "{Propagation of Covariance Matrices of Track Parameters in
                       Homogeneous Magnetic Fields in CMS}",
      institution   = "CERN",
      address       = "Geneva",
      number        = "CMS-NOTE-2006-001",
      month         = "Jan",
      year          = "2006",
      reportNumber  = "CMS-NOTE-2006-001",
      url           = "http://cds.cern.ch/record/927379",
}

@techreport{Adam:934067,
      author        = "Adam, Wolfgang and Mangano, Boris and Speer, Thomas and
                       Todorov, Teddy",
      title         = "{Track Reconstruction in the CMS tracker}",
      institution   = "CERN",
      address       = "Geneva",
      number        = "CMS-NOTE-2006-041",
      month         = "Dec",
      year          = "2006",
      reportNumber  = "CMS-NOTE-2006-041",
      url           = "http://cds.cern.ch/record/934067",
}



%%% Papers

%% theory

%% LHC Higgs results
%=== Higgs discovery
@article{Aad:2012tfa,
      author         = "Aad, Georges and others",
      title          = "{O}bservation of a new particle in the search for the {S}tandard {M}odel {H}iggs boson with the {ATLAS} detector at the {LHC}",
      collaboration  = "ATLAS",
      journal        = "Phys. Lett. B",
      volume         = "716",
      year           = "2012",
      pages          = "1",
      doi            = "10.1016/j.physletb.2012.08.020",
      eprint         = "1207.7214",
      archivePrefix  = "arXiv",
      primaryClass   = "hep-ex",
      reportNumber   = "CERN-PH-EP-2012-218",
      SLACcitation   = "%%CITATION = ARXIV:1207.7214;%%"
}

% ATLAS Higgs coupling
@article{PhysRevD.99.072001,
  title = {{Cross-section measurements of the Higgs boson decaying into a pair of $\ensuremath{\tau}$-leptons in proton-proton collisions at $\sqrt{s}=13\text{ }\text{ }\mathrm{TeV}$ with the ATLAS detector}},
  author = {Aaboud, M. and others},
  collaboration = {ATLAS Collaboration},
  journal = {Phys. Rev. D},
  volume = {99},
  issue = {7},
  pages = {072001},
  numpages = {39},
  year = {2019},
  month = {Apr},
  publisher = {American Physical Society},
  doi = {10.1103/PhysRevD.99.072001},
  url = {https://link.aps.org/doi/10.1103/PhysRevD.99.072001}
}

@article{201859,
title = "{Observation of H $\to b\bar{b}$ decays and VH production with the ATLAS detector}",
journal = {Physics Letters B},
volume = {786},
pages = {59-86},
year = {2018},
issn = {0370-2693},
doi = {https://doi.org/10.1016/j.physletb.2018.09.013},
url = {https://www.sciencedirect.com/science/article/pii/S0370269318307056},
author = {M. Aaboud and others},
}

@article{2018173,
title = "{Observation of Higgs boson production in association with a top quark pair at the LHC with the ATLAS detector}",
journal = {Physics Letters B},
volume = {784},
pages = {173-191},
year = {2018},
issn = {0370-2693},
doi = {https://doi.org/10.1016/j.physletb.2018.07.035},
url = {https://www.sciencedirect.com/science/article/pii/S0370269318305732},
author = {M. Aaboud and others},
}

@article{2019508,
title = "{Measurements of gluon–gluon fusion and vector-boson fusion Higgs boson production cross-sections in the H $\to \text{WW}^{*} \to e\nu\mu\nu$ decay channel in pp collisions at s=13 {T}eV with the {ATLAS} detector}",
journal = {Physics Letters B},
volume = {789},
pages = {508-529},
year = {2019},
issn = {0370-2693},
doi = {https://doi.org/10.1016/j.physletb.2018.11.064},
url = {https://www.sciencedirect.com/science/article/pii/S0370269318309936},
author = {M. Aaboud and others}
}

@article{Aaboud_2018,
   title= "{Measurement of the Higgs boson coupling properties in the H $\to \text{ZZ}^{*} \to 4l$ decay channel at $\sqrt{s}=13$ {T}eV with the {ATLAS} detector}",
   volume={2018},
   ISSN={1029-8479},
   url={http://dx.doi.org/10.1007/JHEP03(2018)095},
   DOI={10.1007/jhep03(2018)095},
   number={3},
   journal={Journal of High Energy Physics},
   publisher={Springer Science and Business Media LLC},
   author={Aaboud, M. and et al.},
   year={2018},
   month={Mar}
}

@article{PhysRevD.98.052005,
  title = "{Measurements of Higgs boson properties in the diphoton decay channel with $36\text{ }\text{ }{\mathrm{fb}}^{\ensuremath{-}1}$ of $pp$ collision data at $\sqrt{s}=13\text{ }\text{ }\mathrm{TeV}$ with the ATLAS detector}",
  author = {Aaboud, M. and others},
  collaboration = {ATLAS Collaboration},
  journal = {Phys. Rev. D},
  volume = {98},
  issue = {5},
  pages = {052005},
  numpages = {87},
  year = {2018},
  month = {Sep},
  publisher = {American Physical Society},
  doi = {10.1103/PhysRevD.98.052005},
  url = {https://link.aps.org/doi/10.1103/PhysRevD.98.052005}
}

% ATLAS Higgs combine 2016
@article{PhysRevD.101.012002,
  title = "{Combined measurements of Higgs boson production and decay using up to $80\text{ }\text{ }{\mathrm{fb}}^{\ensuremath{-}1}$ of proton-proton collision data at $\sqrt{s}=13\text{ }\text{ }\mathrm{TeV}$ collected with the ATLAS experiment}",
  author = {Aad, G. and others},
  collaboration = {ATLAS Collaboration},
  journal = {Phys. Rev. D},
  volume = {101},
  issue = {1},
  pages = {012002},
  numpages = {48},
  year = {2020},
  month = {Jan},
  publisher = {American Physical Society},
  doi = {10.1103/PhysRevD.101.012002},
  url = {https://link.aps.org/doi/10.1103/PhysRevD.101.012002}
}


% CMS Higgs combine 2016
@article{Sirunyan:2640611,
      title         = "{Combined measurements of Higgs boson couplings in
                       proton-proton collisions at $\sqrt{s} = $ 13 {TeV}}",
      journal       = "Eur. Phys. J. C",
      collaboration = "CMS Collaboration",
      number        = "arXiv:1809.10733. CMS-HIG-17-031-005",
      volume        = "79",
      pages         = "421. 67 p",
      month         = "Sep",
      year          = "2018",
      reportNumber  = "arXiv:1809.10733",
      url           = "https://cds.cern.ch/record/2640611",
      note          = "Submitted to Eur.Phys.J.",
      doi           = "10.1140/epjc/s10052-019-6909-y",
}

% Higgs to vector bosons
@article{Sirunyan:2312121,
      author        = "Sirunyan, A.M. and others",
      title         = "{Measurements of Higgs boson properties in the diphoton
                       decay channel in proton-proton collisions at $\sqrt{s} = $
                       13 {TeV}}",
      journal       = "JHEP",
      collaboration = "CMS Collaboration",
      number        = "CMS-HIG-16-040. CMS-HIG-16-040-003",
      volume        = "11",
      pages         = "185. 56 p",
      month         = "Apr",
      year          = "2018",
      reportNumber  = "CMS-HIG-16-040",
      url           = "https://cds.cern.ch/record/2312121",
      note          = "Submitted to JHEP. All figures and tables can be found at
                       http://cms-results.web.cern.ch/cms-results/public-results/publications/HIG-16-040
                       (CMS Public Pages)",
      doi           = "10.1007/JHEP11(2018)185",
}

@article{201996,
title = "{Measurements of properties of the Higgs boson decaying to a W boson pair in pp collisions at $\sqrt{s}$ =13TeV}",
journal = {Physics Letters B},
volume = {791},
pages = {96-129},
year = {2019},
issn = {0370-2693},
doi = {https://doi.org/10.1016/j.physletb.2018.12.073},
url = {https://www.sciencedirect.com/science/article/pii/S0370269319301169},
author = {A.M. Sirunyan and others},
keywords = {Higgs, WW},
abstract = {Measurements of the production of the standard model Higgs boson decaying to a W boson pair are reported. The W+W− candidates are selected in events with an oppositely charged lepton pair, large missing transverse momentum, and various numbers of jets. To select Higgs bosons produced via vector boson fusion and associated production with a W or Z boson, events with two jets or three or four leptons are also selected. The event sample corresponds to an integrated luminosity of 35.9fb−1, collected in pp collisions at s=13TeV by the CMS detector at the LHC during 2016. Combining all channels, the observed cross section times branching fraction is 1.28−0.17+0.18 times the standard model prediction for the Higgs boson with a mass of 125.09GeV. This is the first observation of the Higgs boson decay to W boson pairs by the CMS experiment.}
}



% Higgs to fermions
@article{PhysRevLett.120.231801,
  title = "{Observation of $t\overline{t}H$ Production}",
  author = {Sirunyan, A. M. and others},
  collaboration = {CMS Collaboration},
  journal = {Phys. Rev. Lett.},
  volume = {120},
  issue = {23},
  pages = {231801},
  numpages = {17},
  year = {2018},
  month = {Jun},
  publisher = {American Physical Society},
  doi = {10.1103/PhysRevLett.120.231801},
  url = {https://link.aps.org/doi/10.1103/PhysRevLett.120.231801}
}

@article{PhysRevLett.121.121801,
  title = "{Observation of Higgs Boson Decay to Bottom Quarks}",
  author = {Sirunyan, A. M. and others},
  collaboration = {CMS Collaboration},
  journal = {Phys. Rev. Lett.},
  volume = {121},
  issue = {12},
  pages = {121801},
  numpages = {20},
  year = {2018},
  month = {Sep},
  publisher = {American Physical Society},
  doi = {10.1103/PhysRevLett.121.121801},
  url = {https://link.aps.org/doi/10.1103/PhysRevLett.121.121801}
}

@article{2018283,
title = "{Observation of the Higgs boson decay to a pair of $\tau$ leptons with the CMS detector}",
journal = {Physics Letters B},
volume = {779},
pages = {283-316},
year = {2018},
issn = {0370-2693},
doi = {https://doi.org/10.1016/j.physletb.2018.02.004},
url = {https://www.sciencedirect.com/science/article/pii/S0370269318301035},
author = {A.M. Sirunyan and others},
keywords = {CMS, Physics, Tau, Higgs, Observation, LHC},
abstract = {A measurement of the H→ττ signal strength is performed using events recorded in proton–proton collisions by the CMS experiment at the LHC in 2016 at a center-of-mass energy of 13TeV. The data set corresponds to an integrated luminosity of 35.9fb−1. The H→ττ signal is established with a significance of 4.9 standard deviations, to be compared to an expected significance of 4.7 standard deviations. The best fit of the product of the observed H→ττ signal production cross section and branching fraction is 1.09−0.26+0.27 times the standard model expectation. The combination with the corresponding measurement performed with data collected by the CMS experiment at center-of-mass energies of 7 and 8TeV leads to an observed significance of 5.9 standard deviations, equal to the expected significance. This is the first observation of Higgs boson decays to τ leptons by a single experiment.}
}



%Run 1 CMS hmm
@article{2015184,
title = "{Search for a standard model-like Higgs boson in the $\mu^{+}\mu^{-}$ and $e^{+}e^{-}$ decay channels at the LHC}",
journal = "Physics Letters B",
volume = "744",
pages = "184 - 207",
year = "2015",
issn = "0370-2693",
doi = "https://doi.org/10.1016/j.physletb.2015.03.048",
url = "http://www.sciencedirect.com/science/article/pii/S0370269315002117",
author = "V. Khachatryan and others",
keywords = "CMS, Physics, Higgs, Lepton, Muon, Electron, Dilepton, Dimuon, Dielectron, Higgs boson",
}

%2016 CMS hmm 
@article{PhysRevLett.122.021801,
  title = "{Search for the Higgs Boson Decaying to Two Muons in Proton-Proton Collisions at $\sqrt{s}=13\text{ }\text{ }\mathrm{TeV}$}",
  author = "Sirunyan, A. M. and others",
  collaboration = {CMS Collaboration},
  journal = {Phys. Rev. Lett.},
  volume = {122},
  issue = {2},
  pages = {021801},
  numpages = {18},
  year = {2019},
  month = {Jan},
  publisher = {American Physical Society},
  doi = {10.1103/PhysRevLett.122.021801},
  url = {https://link.aps.org/doi/10.1103/PhysRevLett.122.021801}
}

%Carnes thesis
@phdthesis{carnesthesis,
  author      = {Carnes, Andrew M.},
  title       = {A Search for the Standard Model Higgs Boson Decaying to Two Muons at the CMS Experiment},
  school      = {University of Florida},
  year        = {2018}
}

%Oliver thesis
@phdthesis{oliverthesis,
  author = {Oliver Rieger},
  title  = {Evidence for Higgs boson decays to muons with the CMS experiment at the LHC},
  school = {University of Hamburg},
  year = {2021}
}

%Run 1 ATLAS hmm
@article{201468,
title = "{Search for the Standard Model Higgs boson decay to $\mu^{+}\mu^{-}$ with the ATLAS detector}",
journal = "Physics Letters B",
volume = "738",
pages = "68 - 86",
year = "2014",
issn = "0370-2693",
doi = "https://doi.org/10.1016/j.physletb.2014.09.008",
url = "http://www.sciencedirect.com/science/article/pii/S0370269314006583",
author = "G. Aad and others",
abstract = "A search is reported for Higgs boson decay to μ+μ− using data with an integrated luminosity of 24.8 fb−1 collected with the ATLAS detector in pp collisions at s=7and8 TeV at the CERN Large Hadron Collider. The observed dimuon invariant mass distribution is consistent with the Standard Model background-only hypothesis in the 120–150 GeV search range. For a Higgs boson with a mass of 125.5 GeV, the observed (expected) upper limit at the 95% confidence level is 7.0 (7.2) times the Standard Model expectation. This corresponds to an upper limit on the branching ratio BR(H→μ+μ−) of 1.5×10−3."
}

%2016 ATLAS hmm
@article{PhysRevLett.119.051802,
  title = "{Search for the Dimuon Decay of the Higgs Boson in $pp$ Collisions at $\sqrt{s}=13\text{ }\text{ }\mathrm{TeV}$ with the ATLAS Detector}",
  author = {Aaboud, M. and others},
  collaboration = {ATLAS Collaboration},
  journal = {Phys. Rev. Lett.},
  volume = {119},
  issue = {5},
  pages = {051802},
  numpages = {20},
  year = {2017},
  month = {Aug},
  publisher = {American Physical Society},
  doi = {10.1103/PhysRevLett.119.051802},
  url = {https://link.aps.org/doi/10.1103/PhysRevLett.119.051802}
}

%Run 2 ATLAS hmm
@unpublished{Aad:2020xfq,
    title = "{A search for the dimuon decay of the Standard Model Higgs boson with the ATLAS detector}",
    author = "Aad, Georges and others",
    collaboration = "ATLAS",
    journal        = "Submitted to Phys. Lett. B",
    eprint = "2007.07830",
    archivePrefix = "arXiv",
    primaryClass = "hep-ex",
    reportNumber = "CERN-EP-2020-117 CERN-EP-2020-117 CERN-EP-2020-117 CERN-EP-2020-117",
    note = "Submitted to \textit{Phys. Lett. B}",
    year = "2020"
}

%Run 2 CMS hmm
@article{Sirunyan_2021,
   title="{Evidence for Higgs boson decay to a pair of muons}",
   volume={2021},
   ISSN={1029-8479},
   url={http://dx.doi.org/10.1007/JHEP01(2021)148},
   DOI={10.1007/jhep01(2021)148},
   number={1},
   journal={Journal of High Energy Physics},
   publisher={Springer Science and Business Media LLC},
   author={Sirunyan, A. M. and et al.},
   year={2021},
   month={Jan}
}

% CMS diphoton H mass
@article{2020135425,
    title = "{A measurement of the Higgs boson mass in the diphoton decay channel}",
    journal = {Physics Letters B},
    volume = {805},
    pages = {135425},
    year = {2020},
    issn = {0370-2693},
    doi = {https://doi.org/10.1016/j.physletb.2020.135425},
    url = {https://www.sciencedirect.com/science/article/pii/S037026932030229X},
    author = {A.M. Sirunyan and others}
}

%% CMS performance

% track and vertex
@article{Collaboration_2014,
	doi = {10.1088/1748-0221/9/10/p10009},
	url = {https://doi.org/10.1088/1748-0221/9/10/p10009},
	year = 2014,
	month = {oct},
	publisher = {{IOP} Publishing},
	volume = {9},
	number = {10},
	pages = {P10009--P10009},
	author = {CMS Collaboration},
	title = "{Description and performance of track and primary-vertex reconstruction with the {CMS} tracker}",
	journal = {Journal of Instrumentation}
}

% muon
@article{Sirunyan_2018,
	doi = {10.1088/1748-0221/13/06/p06015},
	url = {https://doi.org/10.1088/1748-0221/13/06/p06015},
	year = 2018,
	month = {jun},
	publisher = {{IOP} Publishing},
	volume = {13},
	number = {06},
	pages = {P06015--P06015},
	author = {CMS Collaboration},
	title = "{Performance of the {CMS} muon detector and muon reconstruction with proton-proton collisions at $\sqrt{s}$ =13 {TeV}}",
	journal = {Journal of Instrumentation}
}

% electron
@misc{cmscollaboration2020electron,
      title={Electron and photon reconstruction and identification with the CMS experiment at the CERN LHC}, 
      author={CMS Collaboration},
      year={2020},
      journal={Submitted to JINST},
      eprint={2012.06888},
      archivePrefix={arXiv},
      primaryClass={hep-ex}
}

@article{Adam_2005,
	doi = {10.1088/0954-3899/31/9/n01},
	url = {https://doi.org/10.1088/0954-3899/31/9/n01},
	year = 2005,
	month = {jul},
	publisher = {{IOP} Publishing},
	volume = {31},
	number = {9},
	pages = {N9--N20},
	author = {W Adam and R Frühwirth and A Strandlie and T Todorov},
	title = {Reconstruction of electrons with the Gaussian-sum filter in the {CMS} tracker at the {LHC}},
	journal = {Journal of Physics G: Nuclear and Particle Physics}
}

% photon
@article{2015photon,
	doi = {10.1088/1748-0221/10/08/p08010},
	url = {https://doi.org/10.1088/1748-0221/10/08/p08010},
	year = {2015},
	month = {aug},
	publisher = {{IOP} Publishing},
	volume = {10},
	number = {08},
	pages = {P08010--P08010},
      author={CMS Collaboration},
	title = {Performance of photon reconstruction and identification with the {CMS} detector in proton-proton collisions at $\sqrt{s}$= 8 {TeV}},
	journal = {Journal of Instrumentation}
}

%ECAL SC energy cal
@article{Khachatryan_2014,
   title={Observation of the diphoton decay of the Higgs boson and measurement of its properties},
   volume={74},
   ISSN={1434-6052},
   url={http://dx.doi.org/10.1140/epjc/s10052-014-3076-z},
   DOI={10.1140/epjc/s10052-014-3076-z},
   number={10},
   journal={The European Physical Journal C},
   publisher={Springer Science and Business Media LLC},
   author={Khachatryan, V. and Sirunyan, A. M. and Tumasyan, A. and Adam, W. and Bergauer, T. and Dragicevic, M. and Erö, J. and Fabjan, C. and Friedl, M. and et al.},
   year={2014},
   month={Oct}
}


% jets
@article{Cacciari_2008,
	doi = {10.1088/1126-6708/2008/04/063},
	url = {https://doi.org/10.1088/1126-6708/2008/04/063},
	year = 2008,
	month = {apr},
	publisher = {Springer Science and Business Media {LLC}},
	volume = {2008},
	number = {04},
	pages = {063--063},
	author = {Matteo Cacciari and Gavin P Salam and Gregory Soyez},
	title = {The anti-ktjet clustering algorithm},
	journal = {Journal of High Energy Physics}
}

@article{fastjet,
  author          = {Matteo Cacciari and Gavin P. Salam and Gregory Soyez},
  title           = {FastJet user manual},
  journal         = {The European Physical Journal C},
  volume          = {72},
  number          = {3},
  year            = {2012},
  issn            = {1434-6052},
  doi             = {10.1140/epjc/s10052-012-1896-2},
  url             = {https://doi.org/10.1140/epjc/s10052-012-1896-2}
}

@article{Khachatryan_2017,
	doi = {10.1088/1748-0221/12/02/p02014},
	url = {https://doi.org/10.1088/1748-0221/12/02/p02014},
	year = 2017,
	month = {feb},
	publisher = {{IOP} Publishing},
	volume = {12},
	number = {02},
	pages = {P02014--P02014},
	author = {CMS Collaboration},
	title = {Jet energy scale and resolution in the {CMS} experiment in pp collisions at 8 {TeV}},
	journal = {Journal of Instrumentation}
}

@article{Sirunyan_2020,
	doi = {10.1088/1748-0221/15/09/p09018},
	url = {https://doi.org/10.1088/1748-0221/15/09/p09018},
	year = 2020,
	month = {sep},
	publisher = {{IOP} Publishing},
	volume = {15},
	number = {09},
	pages = {P09018--P09018},
	author = {CMS Collaboration},
	title = {Pileup mitigation at {CMS} in 13 {TeV} data},
	journal = {Journal of Instrumentation}
}

% taus
@article{tau2016,
	doi = {10.1088/1748-0221/11/01/p01019},
	url = {https://doi.org/10.1088/1748-0221/11/01/p01019},
	year = 2016,
	month = {jan},
	publisher = {{IOP} Publishing},
	volume = {11},
	number = {01},
	pages = {P01019--P01019},
	title = {Reconstruction and identification of $\tau$ lepton decays to hadrons and $\nu$$\tau$at {CMS}},
	journal = {Journal of Instrumentation}
}

@article{tau2018,
	doi = {10.1088/1748-0221/13/10/p10005},
	url = {https://doi.org/10.1088/1748-0221/13/10/p10005},
	year = 2018,
	month = {oct},
	publisher = {{IOP} Publishing},
	volume = {13},
	number = {10},
	pages = {P10005--P10005},
	author = {CMS Collaboration},
	title = {Performance of reconstruction and identification of $\tau$ leptons decaying to hadrons and $\nu$$\tau$ in pp collisions at $\sqrt{s}$=13 {TeV}},
	journal = {Journal of Instrumentation}
}

% met
@article{collaboration_2015,
	doi = {10.1088/1748-0221/10/02/p02006},
	url = {https://doi.org/10.1088/1748-0221/10/02/p02006},
	year = 2015,
	month = {feb},
	publisher = {{IOP} Publishing},
	volume = {10},
	number = {02},
	pages = {P02006--P02006},
	author = {CMS collaboration},
	title = {Performance of the {CMS} missing transverse momentum reconstruction in pp data at $\sqrt{s}$ = 8 {TeV}},
	journal = {Journal of Instrumentation}
}

@article{Sirunyan_2019,
	doi = {10.1088/1748-0221/14/07/p07004},
	url = {https://doi.org/10.1088/1748-0221/14/07/p07004},
	year = 2019,
	month = {jul},
	publisher = {{IOP} Publishing},
	volume = {14},
	number = {07},
	pages = {P07004--P07004},
      author = {CMS Collaboration},	
	title = {Performance of missing transverse momentum reconstruction in proton-proton collisions at $\sqrt{s}$ = 13 {TeV} using the {CMS} detector},
	journal = {Journal of Instrumentation}
}

% PUPPI
@article{Bertolini2014,
  author          = {Daniele Bertolini and Philip Harris and Matthew Low and Nhan Tran},
  title           = {Pileup per particle identification},
  journal         = {Journal of High Energy Physics},
  volume          = {2014},
  number          = {10},
  year            = {2014},
  issn            = {1029-8479},
  doi             = {10.1007/JHEP10(2014)059},
  url             = {https://doi.org/10.1007/JHEP10(2014)059}
}


%% simulation
@article{AGOSTINELLI2003250,
title = "Geant4—a simulation toolkit",
journal = "Nuclear Instruments and Methods in Physics Research Section A: Accelerators, Spectrometers, Detectors and Associated Equipment",
volume = "506",
number = "3",
pages = "250 - 303",
year = "2003",
issn = "0168-9002",
doi = "https://doi.org/10.1016/S0168-9002(03)01368-8",
url = "http://www.sciencedirect.com/science/article/pii/S0168900203013688",
author = "S. Agostinelli and others",
keywords = "Simulation, Particle interactions, Geometrical modelling, Software engineering, Object-oriented technology, Distributed software development",
abstract = "Geant4 is a toolkit for simulating the passage of particles through matter. It includes a complete range of functionality including tracking, geometry, physics models and hits. The physics processes offered cover a comprehensive range, including electromagnetic, hadronic and optical processes, a large set of long-lived particles, materials and elements, over a wide energy range starting, in some cases, from 250eV and extending in others to the TeV energy range. It has been designed and constructed to expose the physics models utilised, to handle complex geometries, and to enable its easy adaptation for optimal use in different sets of applications. The toolkit is the result of a worldwide collaboration of physicists and software engineers. It has been created exploiting software engineering and object-oriented technology and implemented in the C++ programming language. It has been used in applications in particle physics, nuclear physics, accelerator design, space engineering and medical physics."
}

@article{SJOSTRAND2015159,
title = "An introduction to PYTHIA 8.2",
journal = "Computer Physics Communications",
volume = "191",
pages = "159 - 177",
year = "2015",
issn = "0010-4655",
doi = "https://doi.org/10.1016/j.cpc.2015.01.024",
url = "http://www.sciencedirect.com/science/article/pii/S0010465515000442",
author = "Torbjörn Sjöstrand and Stefan Ask and Jesper R. Christiansen and Richard Corke and Nishita Desai and Philip Ilten and Stephen Mrenna and Stefan Prestel and Christine O. Rasmussen and Peter Z. Skands",
keywords = "Event generators, Multiparticle production, Matrix elements, Parton showers, Matching and merging, Multiparton interactions, Hadronisation",
abstract = "The Pythia program is a standard tool for the generation of events in high-energy collisions, comprising a coherent set of physics models for the evolution from a few-body hard process to a complex multiparticle final state. It contains a library of hard processes, models for initial- and final-state parton showers, matching and merging methods between hard processes and parton showers, multiparton interactions, beam remnants, string fragmentation and particle decays. It also has a set of utilities and several interfaces to external programs. Pythia 8.2 is the second main release after the complete rewrite from Fortran to C++, and now has reached such a maturity that it offers a complete replacement for most applications, notably for LHC physics studies. The many new features should allow an improved description of data.
New version program summary
Program title: Pythia 8.2 Catalogue identifier: ACTU_v4_0 Program summary URL:http://cpc.cs.qub.ac.uk/summaries/ACTU_v4_0.html Program obtainable from: CPC Program Library, Queen’s University, Belfast, N. Ireland Licensing provisions: GNU General Public Licence, version 2 No. of lines in distributed program, including test data, etc.: 478360 No. of bytes in distributed program, including test data, etc.: 14131810 Distribution format: tar.gz Programming language: C++. Computer: Commodity PCs, Macs. Operating system: Linux, OS X; should also work on other systems. RAM: ∼10 megabytes Classification: 11.2. Does the new version supersede the previous version?: Yes Catalogue identifier of previous version: ACTU_v3_0 Journal reference of previous version: Comput. Phys. Comm. 178 (2008) 852 Nature of problem: High-energy collisions between elementary particles normally give rise to complex final states, with large multiplicities of hadrons, leptons, photons and neutrinos. The relation between these final states and the underlying physics description is not a simple one, for two main reasons. Firstly, we do not even in principle have a complete understanding of the physics. Secondly, any analytical approach is made intractable by the large multiplicities. Solution method: Complete events are generated by Monte Carlo methods. The complexity is mastered by a subdivision of the full problem into a set of simpler separate tasks. All main aspects of the events are simulated, such as hard-process selection, initial- and final-state radiation, beam remnants, fragmentation, decays, and so on. Therefore events should be directly comparable with experimentally observable ones. The programs can be used to extract physics from comparisons with existing data, or to study physics at future experiments. Reasons for new version: Improved and expanded physics models. Summary of revisions: Hundreds of new features and bug fixes, allowing improved modelling. Restrictions: Depends on the problem studied. Running time: 10–1000 events per second, depending on process studied."
}

@article{Bellm:2015jjp,
      author         = "Bellm, Johannes and others",
      title          = "{Herwig 7.0/Herwig++ 3.0} release note",
      journal        = "Eur. Phys. J. C",
      volume         = "76",
      year           = "2016",
      pages          = "196",
      doi            = "10.1140/epjc/s10052-016-4018-8",
      eprint         = "1512.01178",
      archivePrefix  = "arXiv",
      primaryClass   = "hep-ph",
      reportNumber   = "CERN-PH-TH-2015-289, MAN-HEP-2015-15, IFJPAN-IV-2015-13,
                        KA-TP-18-2015, DCPT-15-142, MCNET-15-28, IPPP-15-71,
                        HERWIG-2015-01",
      SLACcitation   = "%%CITATION = ARXIV:1512.01178;%%"
}

% SHERPA
@article{Gleisberg_2009,
	doi = {10.1088/1126-6708/2009/02/007},
	url = {https://doi.org/10.1088/1126-6708/2009/02/007},
	year = 2009,
	month = {feb},
	publisher = {Springer Science and Business Media {LLC}},
	volume = {2009},
	number = {02},
	pages = {007--007},
	author = {T Gleisberg and S Höche and F Krauss and M Schönherr and S Schumann and F Siegert and J Winter},
	title = {Event generation with {SHERPA} 1.1},
	journal = {Journal of High Energy Physics}
}

@article{Alwall:2014hca,
      author         = "Alwall, J. and Frederix, R. and Frixione, S. and Hirschi, V. and Maltoni, F. and Mattelaer, O. and Shao, H. -S. and Stelzer, T. and Torrielli, P. and Zaro, M.",
      title          = "{T}he automated computation of tree-level and next-to-leading order differential cross sections, and their matching to parton shower simulations",
      journal        = "JHEP",
      volume         = "07",
      year           = "2014",
      pages          = "079",
      doi            = "10.1007/JHEP07(2014)079",
      eprint         = "1405.0301",
      archivePrefix  = "arXiv",
      primaryClass   = "hep-ph",
      reportNumber   = "CERN-PH-TH-2014-064, CP3-14-18, LPN14-066, MCNET-14-09, ZU-TH-14-14",
      SLACcitation   = "%%CITATION = ARXIV:1405.0301;%%"
}

@article{Nason_2004,
	doi = {10.1088/1126-6708/2004/11/040},
	url = {https://doi.org/10.1088%2F1126-6708%2F2004%2F11%2F040},
	year = 2004,
	month = {nov},
	publisher = {Springer Science and Business Media {LLC}},
	volume = {2004},
	number = {11},
	pages = {040--040},
	author = {Paolo Nason},
	title = {A New Method for Combining {NLO} {QCD} with Shower Monte Carlo Algorithms},
	journal = {Journal of High Energy Physics},
	abstract = {I show that with simple extensions of the shower algorithms in Monte Carlo programs, one can implement NLO corrections to the hardest emission that overcome the problems of negative weighted events found in previous implementations. Simple variants of the same method can be used for an improved treatment of matrix element corrections in Shower Monte Carlo programs.}
}

@article{Frixione_2007,
	doi = {10.1088/1126-6708/2007/11/070},
	url = {https://doi.org/10.1088%2F1126-6708%2F2007%2F11%2F070},
	year = 2007,
	month = {nov},
	publisher = {Springer Science and Business Media {LLC}},
	volume = {2007},
	number = {11},
	pages = {070--070},
	author = {Stefano Frixione and Paolo Nason and Carlo Oleari},
	title = {Matching {NLO} {QCD} computations with parton shower simulations: the {POWHEG} method},
	journal = {Journal of High Energy Physics},
	abstract = {The aim of this work is to describe in detail the POWHEG method, first suggested by one of the authors, for interfacing parton-shower generators with NLO QCD computations. We describe the method in its full generality, and then specify its features in two subtraction frameworks for NLO calculations: the Catani-Seymour and the Frixione-Kunszt-Signer approach. Two examples are discussed in detail in both approaches: the production of hadrons in e+e− collisions, and the Drell-Yan vector-boson production in hadronic collisions.}
}

@article{Alioli:2010xd,
      author         = "Alioli, Simone and Nason, Paolo and Oleari, Carlo and Re,
                        Emanuele",
      title          = "{A} general framework for implementing {NLO} calculations in shower {M}onte {C}arlo programs: the {POWHEG BOX}",
      journal        = "JHEP",
      volume         = "06",
      year           = "2010",
      pages          = "043",
      doi            = "10.1007/JHEP06(2010)043",
      eprint         = "1002.2581",
      archivePrefix  = "arXiv",
      primaryClass   = "hep-ph",
      reportNumber   = "DESY-10-018, SFB-CPP-10-22, IPPP-10-11, DCPT-10-22",
      SLACcitation   = "%%CITATION = ARXIV:1002.2581;%%"                                                                                                                                                
}

@article{Bagnaschi:2011tu,
      author         = "Bagnaschi, E. and Degrassi, G. and Slavich, P. and
                        Vicini, A.",
      title          = "{H}iggs production via gluon fusion in the {POWHEG} approach
                        in the {SM} and in the {MSSM}",
      journal        = "JHEP",
      volume         = "02",
      year           = "2012",
      pages          = "088",
      doi            = "10.1007/JHEP02(2012)088",
      eprint         = "1111.2854",
      archivePrefix  = "arXiv",
      primaryClass   = "hep-ph",
      reportNumber   = "RM3-TH-11-5, IFUM-990-FT",
      SLACcitation   = "%%CITATION = ARXIV:1111.2854;%%"
}

@article{Hamilton:2013fea,
      author         = "Hamilton, Keith and Nason, Paolo and Re, Emanuele and
                        Zanderighi, Giulia",
      title          = "{NNLOPS} simulation of {H}iggs boson production",
      journal        = "JHEP",
      volume         = "10",
      year           = "2013",
      pages          = "222",
      doi            = "10.1007/JHEP10(2013)222",
      eprint         = "1309.0017",
      archivePrefix  = "arXiv",
      primaryClass   = "hep-ph",
      reportNumber   = "MCNET-13-11, CERN-PH-TH-2013-205, OUTP-13-18P",
      SLACcitation   = "%%CITATION = ARXIV:1309.0017;%%"
}

@article{Hamilton:2015nsa,
      author         = "Hamilton, Keith and Nason, Paolo and Zanderighi, Giulia",
      title          = "{F}inite quark-mass effects in the {NNLOPS} {POWHEG+MiNLO} {H}iggs generator",
      journal        = "JHEP",
      volume         = "05",
      year           = "2015",
      pages          = "140",
      doi            = "10.1007/JHEP05(2015)140",
      eprint         = "1501.04637",
      archivePrefix  = "arXiv",
      primaryClass   = "hep-ph",
      reportNumber   = "CERN-PH-TH-2015-006",
      SLACcitation   = "%%CITATION = ARXIV:1501.04637;%%"
}

@article{Nason:2009ai,
      author         = "Nason, Paolo and Oleari, Carlo",
      title          = "{NLO} {H}iggs boson production via vector-boson-fusion
                        matched with shower in {POWHEG}",
      journal        = "JHEP",
      volume         = "02",
      year           = "2010",
      pages          = "037",
      doi            = "10.1007/JHEP02(2010)037",
      eprint         = "0911.5299",
      archivePrefix  = "arXiv",
      primaryClass   = "hep-ph",
      SLACcitation   = "%%CITATION = ARXIV:0911.5299;%%"
}

@article{Luisoni:2013kna,
      author         = "Luisoni, Gionata and Nason, Paolo and Oleari, Carlo and
                        Tramontano, Francesco",
      title          = "${\PH\PW^{\pm}/\PH\PZ+0}$ and 1 jet at {NLO} with the {POWHEG BOX}
                        interfaced to GoSam and their merging within {MiNLO}",
      journal        = "JHEP",
      volume         = "10",
      year           = "2013",
      pages          = "083",
      doi            = "10.1007/JHEP10(2013)083",
      eprint         = "1306.2542",
      archivePrefix  = "arXiv",
      primaryClass   = "hep-ph",
      SLACcitation   = "%%CITATION = ARXIV:1306.2542;%%"
}

@article{Hartanto:2015uka,
    author = "Hartanto, Heribertus B. and Jager, Barbara and Reina, Laura and Wackeroth, Doreen",
    title  = "{H}iggs boson production in association with top quarks in the {POWHEG BOX}",
    eprint = "1501.04498",
    archivePrefix = "arXiv",
    primaryClass = "hep-ph",
    doi = "10.1103/PhysRevD.91.094003",
    journal = "Phys. Rev. D",
    volume  = "91",
    pages   = "094003",
    year    = "2015"
}

@article{Cacciari:2015jma,
    author = "Cacciari, Matteo and Dreyer, Fr{\'{e}}d{\'{e}}ric A. and Karlberg, Alexander and Salam, Gavin P. and Zanderighi, Giulia",
    title = "{F}ully differential Vector-Boson-Fusion {H}iggs Production at Next-to-Next-to-Leading Order",
    eprint = "1506.02660",
    archivePrefix = "arXiv",
    primaryClass = "hep-ph",
    reportNumber = "CERN-PH-TH-2015-127, OUTP-15-12P",
    doi = "10.1103/PhysRevLett.115.082002",
    journal = "Phys. Rev. Lett.",
    volume = "115",
    pages = "082002",
    year = "2015",
    note = "[Erratum: DOI{10.1103/PhysRevLett.120.139901}]"
}

@article{Brein:2003wg,
    author = "Brein, Oliver and Djouadi, Abdelhak and Harlander, Robert",
    title = "{NNLO QCD} corrections to the {H}iggs-strahlung processes at hadron colliders",
    eprint = "hep-ph/0307206",
    archivePrefix = "arXiv",
    reportNumber = "MPP-2003-35, CERN-TH-2003-161, PM-03-16",
    doi = "10.1016/j.physletb.2003.10.112",
    journal = "Phys. Lett. B",
    volume = "579",
    pages = "149",
    year = "2004"
}

@article{Dawson:2003zu,
    author = "Dawson, S. and Jackson, C. and Orr, L. H. and Reina, L. and Wackeroth, D.",
    title = "{A}ssociated {H}iggs production with top quarks at the large hadron collider: {NLO QCD} corrections",
    eprint = "hep-ph/0305087",
    archivePrefix = "arXiv",
    reportNumber = "BNL-HET-03-9, FSU-HEP-2003-0503, UB-HET-03-02",
    doi = "10.1103/PhysRevD.68.034022",
    journal = "Phys. Rev. D",
    volume = "68",
    pages = "034022",
    year = "2003"
}

@article{Frixione:2014qaa,
    author = "Frixione, S. and Hirschi, V. and Pagani, D. and Shao, H. S. and Zaro, M.",
    title = "{W}eak corrections to {H}iggs hadroproduction in association with a top-quark pair",
    eprint = "1407.0823",
    archivePrefix = "arXiv",
    primaryClass = "hep-ph",
    reportNumber = "CERN-PH-TH-2014-123, CP3-14-49",
    doi = "10.1007/JHEP09(2014)065",
    journal = "JHEP",
    volume = "09",
    pages = "065",
    year = "2014"
}

@article{Demartin:2015uha,
    author = "Demartin, Federico and Maltoni, Fabio and Mawatari, Kentarou and Zaro, Marco",
    title = "{H}iggs production in association with a single top quark at the {LHC}",
    eprint = "1504.00611",
    archivePrefix = "arXiv",
    primaryClass = "hep-ph",
    reportNumber = "MCNET-15-07, CP3-15-08",
    doi = "10.1140/epjc/s10052-015-3475-9",
    journal = "Eur. Phys. J. C",
    volume = "75",
    pages = "267",
    year = "2015"
}

@article{Demartin:2016axk,
    author = "Demartin, Federico and Maier, Benedikt and Maltoni, Fabio and Mawatari, Kentarou and Zaro, Marco",
    title = "${\Pqt\PW\PH}$ associated production at the {LHC}",
    eprint = "1607.05862",
    archivePrefix = "arXiv",
    primaryClass = "hep-ph",
    reportNumber = "MCNET-16-30, CP3-16-40, LPSC16158",
    doi = "10.1140/epjc/s10052-017-4601-7",
    journal = "Eur. Phys. J. C",
    volume = "77",
    pages = "34",
    year = "2017"
}

@article{Djouadi:1997yw,
    author = "Djouadi, A. and Kalinowski, J. and Spira, M.",
    title = "{HDECAY}: A Program for {H}iggs boson decays in the standard model and its supersymmetric extension",
    eprint = "hep-ph/9704448",
    archivePrefix = "arXiv",
    reportNumber = "DESY-97-079, IFT-96-29, PM-97-04",
    doi = "10.1016/S0010-4655(97)00123-9",
    journal = "Comput. Phys. Commun.",
    volume = "108",
    pages = "56",
    year = "1998"
}


@article{Spira:1997dg,
    author = "Spira, Michael",
    title = "{QCD} effects in {H}iggs physics",
    eprint = "hep-ph/9705337",
    archivePrefix = "arXiv",
    reportNumber = "CERN-TH-97-068, CERN-TH-97-68",
    doi = "10.1002/(SICI)1521-3978(199804)46:3<203::AID-PROP203>3.0.CO;2-4",
    journal = "Fortsch. Phys.",
    volume = "46",
    pages = "203",
    year = "1998"
}

@article{Li:2012wna,
      author         = "Li, Ye and Petriello, Frank",
      title          = "{C}ombining {QCD} and electroweak corrections to dilepton
                        production in {FEWZ}",
      journal        = "Phys. Rev. D",
      volume         = "86",
      year           = "2012",
      pages          = "094034",
      doi            = "10.1103/PhysRevD.86.094034",
      eprint         = "1208.5967",
      archivePrefix  = "arXiv",
      primaryClass   = "hep-ph",
      reportNumber   = "ANL-HEP-PR-12-68",
      SLACcitation   = "%%CITATION = ARXIV:1208.5967;%%"
}

@article{Grazzini:2017ckn,
    author = "Grazzini, Massimiliano and Kallweit, Stefan and Rathlev, Dirk and Wiesemann, Marius",
    title  = "${\PW^\pm \PZ}$ production at the {LHC}: fiducial cross sections and distributions in {NNLO} {QCD}",
    eprint = "1703.09065",
    archivePrefix = "arXiv",
    primaryClass = "hep-ph",
    reportNumber = "ZU-TH-06-17, CERN-TH-2017-065",
    doi      = "10.1007/JHEP05(2017)139",
    journal  = "JHEP",
    volume   = "05",
    pages    = "139",
    year     = "2017"
}

@article{Grazzini:2015hta,
    author = "Grazzini, Massimiliano and Kallweit, Stefan and Rathlev, Dirk",
    title  = "${\PZ\PZ}$ production at the {LHC}: fiducial cross sections and distributions in {NNLO} {QCD}",
    eprint        = "1507.06257",
    archivePrefix = "arXiv",
    primaryClass   = "hep-ph",
    doi = "10.1016/j.physletb.2015.09.055",
    journal = "Phys. Lett. B",
    volume  = "750",
    pages   = "407",
    year    = "2015"
}

@article{Gehrmann:2014fva,
    author = "Gehrmann, T. and Grazzini, M. and Kallweit, S. and Maierh{\"{o}}fer, P. and von Manteuffel, A. and Pozzorini, S. and Rathlev, D. and Tancredi, L.",
    title  = "${\PW^+\PW^-}$ production at hadron colliders in next-to-next-to-leading order {QCD}",
    eprint = "1408.5243",
    archivePrefix = "arXiv",
    primaryClass  = "hep-ph",
    reportNumber  = "ZU-TH-29-14, MITP-14-053",
    doi           = "10.1103/PhysRevLett.113.212001",
    journal       = "Phys. Rev. Lett.",
    volume        = "113",
    pages         = "212001",
    year          = "2014"
}

@article{Campbell:2011bn,
      author         = "Campbell, John M. and Ellis, R. Keith and Williams,
                        Ciaran",
      title          = "{V}ector boson pair production at the {LHC}",
      journal        = "JHEP",
      volume         = "07",
      year           = "2011",
      pages          = "018",
      doi            = "10.1007/JHEP07(2011)018",
      eprint         = "1105.0020",
      archivePrefix  = "arXiv",
      primaryClass   = "hep-ph",
      reportNumber   = "FERMILAB-PUB-11-182-T",
      SLACcitation   = "%%CITATION = ARXIV:1105.0020;%%"
}

@article{Czakon:2011xx,
      author         = "Czakon, Michal and Mitov, Alexander",
      title          = "{Top++}: {A} program for the calculation of the top-pair
                        cross-section at hadron colliders",
      journal        = "Comput. Phys. Commun.",
      volume         = "185",
      year           = "2014",
      pages          = "2930",
      doi            = "10.1016/j.cpc.2014.06.021",
      eprint         = "1112.5675",
      archivePrefix  = "arXiv",
      primaryClass   = "hep-ph",
      reportNumber   = "CERN-PH-TH-2011-303, TTK-11-58",
      SLACcitation   = "%%CITATION = ARXIV:1112.5675;%%"
}

@article{Kant:2014oha,
      author         = "Kant, P. and Kind, O. M. and Kintscher, T. and Lohse, T.
                        and Martini, T. and M{\"{o}}lbitz, S. and Rieck, P. and Uwer, P.",
      title          = "{HATHOR} for single top-quark production: Updated
                        predictions and uncertainty estimates for single top-quark
                        production in hadronic collisions",
      journal        = "Comput. Phys. Commun.",
      volume         = "191",
      year           = "2015",
      pages          = "74",
      doi            = "10.1016/j.cpc.2015.02.001",
      eprint         = "1406.4403",
      archivePrefix  = "arXiv",
      primaryClass   = "hep-ph",
      reportNumber   = "HU-EP-14-22",
      SLACcitation   = "%%CITATION = ARXIV:1406.4403;%%"
}

@article{Ball:2014uwa,
      author         = "Ball, Richard D. and others",
      title          = "{P}arton distributions for the {LHC} {Run II}",
      collaboration  = "NNPDF",
      journal        = "JHEP",
      volume         = "04",
      year           = "2015",
      pages          = "040",
      doi            = "10.1007/JHEP04(2015)040",
      eprint         = "1410.8849",
      archivePrefix  = "arXiv",
      primaryClass   = "hep-ph",
      reportNumber   = "EDINBURGH-2014-15, IFUM-1034-FT, CERN-PH-TH-2013-253,
                        OUTP-14-11P, CAVENDISH-HEP-14-11",
      SLACcitation   = "%%CITATION = ARXIV:1410.8849;%%"
}

@article{Ball:2017nwa,
      author         = "Ball, Richard D. and others",
      title          = "{P}arton distributions from high-precision collider data",
      collaboration  = "NNPDF",
      journal        = "Eur. Phys. J. C",
      volume         = "77",
      year           = "2017",
      pages          = "663",
      doi            = "10.1140/epjc/s10052-017-5199-5",
      eprint         = "1706.00428",
      archivePrefix  = "arXiv",
      primaryClass   = "hep-ph",
      reportNumber   = "CAVENDISH-HEP-17-06, CERN-TH-2017-077, EDINBURGH-2017-08,
                        NIKHEF-2017-006, OUTP-17-04P, TIF-UNIMI-2017-3",
      SLACcitation   = "%%CITATION = ARXIV:1706.00428;%%"
}

@article{Alwall:2007fs,
      author         = "Alwall, Johan and others",
      title          = "{C}omparative study of various algorithms for the merging
                        of parton showers and matrix elements in hadronic
                        collisions",
      journal        = "Eur. Phys. J. C",
      volume         = "53",
      year           = "2008",
      pages          = "473",
      doi            = "10.1140/epjc/s10052-007-0490-5",
      eprint         = "0706.2569",
      archivePrefix  = "arXiv",
      primaryClass   = "hep-ph",
      reportNumber   = "SLAC-PUB-12604, CERN-PH-TH-2007-066, LU-TP-07-13,
                        KA-TP-06-2007, DCPT-07-62, IPPP-07-31",
      SLACcitation   = "%%CITATION = ARXIV:0706.2569;%%"
}

@article{Frederix:2012ps,
      author         = "Frederix, Rikkert and Frixione, Stefano",
      title          = "{M}erging meets matching in {MC@NLO}",
      journal        = "JHEP",
      volume         = "12",
      year           = "2012",
      pages          = "061",
      doi            = "10.1007/JHEP12(2012)061",
      eprint         = "1209.6215",
      archivePrefix  = "arXiv",
      primaryClass   = "hep-ph",
      reportNumber   = "CERN-PH-TH-2012-247, ZU-TH-21-12",
      SLACcitation   = "%%CITATION = ARXIV:1209.6215;%%"
}

@article{Sirunyan:2017ezt,
      author         = "Sirunyan, A. M. and others",
      title          = "{I}dentification of heavy-flavour jets with the {CMS}
                        detector in ${\Pp\Pp}$ collisions at {13\TeV}",
      collaboration  = "CMS",
      journal        = "JINST",
      volume         = "13",
      year           = "2018",
      pages          = "P05011",
      doi            = "10.1088/1748-0221/13/05/P05011",
      eprint         = "1712.07158",
      archivePrefix  = "arXiv",
      primaryClass   = "physics.ins-det",
      reportNumber   = "CMS-BTV-16-002, CERN-EP-2017-326",
      SLACcitation   = "%%CITATION = ARXIV:1712.07158;%%"
}

%% Rochester
@article{Bodek:2012id,
      author         = "Bodek, A. and van Dyne, A. and Han, J. Y. and Sakumoto,
                        W. and Strelnikov, A.",
      title          = "{E}xtracting muon momentum scale corrections for hadron collider experiments",
      journal        = "Eur. Phys. J. C",
      volume         = "72",
      year           = "2012",
      pages          = "2194",
      doi            = "10.1140/epjc/s10052-012-2194-8",
      eprint         = "1208.3710",
      archivePrefix  = "arXiv",
      primaryClass   = "hep-ex",
      SLACcitation   = "%%CITATION = ARXIV:1208.3710;%%"
}


% CMS analyses

%% 2016 HZZ res
@article{Sirunyan:2018qlb,
      author         = "Sirunyan, Albert M and others",
      title          = "{Search for a new scalar resonance decaying to a pair of
                        Z bosons in proton-proton collisions at $\sqrt{s}=13 $
                        TeV}",
      collaboration  = "CMS",
      journal        = "JHEP",
      volume         = "06",
      year           = "2018",
      pages          = "127",
      doi            = "10.1007/JHEP06(2018)127, 10.1007/JHEP03(2019)128",
      note           = "[Erratum: JHEP03,128(2019)]",
      eprint         = "1804.01939",
      archivePrefix  = "arXiv",
      primaryClass   = "hep-ex",
      reportNumber   = "CMS-HIG-17-012, CERN-EP-2018-009",
      SLACcitation   = "%%CITATION = ARXIV:1804.01939;%%"                                                                                                                                              
}

%% 2016 2017 tZq
@article{PhysRevLett.122.132003,
  title = "{Observation of Single Top Quark Production in Association with a $Z$ Boson in Proton-Proton Collisions at $\sqrt{s}=13\text{ }\text{ }\mathrm{TeV}$}",
  author = {Sirunyan, A. M. and others},
  collaboration = {CMS Collaboration},
  journal = {Phys. Rev. Lett.},
  volume = {122},
  issue = {13},
  pages = {132003},
  numpages = {19},
  year = {2019},
  month = {Apr},
  publisher = {American Physical Society},
  doi = {10.1103/PhysRevLett.122.132003},
  url = {https://link.aps.org/doi/10.1103/PhysRevLett.122.132003}
}

%% statistical analysis

@article{Read_2002,
        doi = {10.1088/0954-3899/28/10/313},
        year = 2002,
        month = {sep},
        publisher = {{IOP} Publishing},
        volume = {28},
        number = {10},
        pages = {2693--2704},
        author = {A L Read},
        title = {Presentation of search results: {theCLstechnique}},
        journal = {Journal of Physics G: Nuclear and Particle Physics}
}


% Suzanne additions 

@article{CMS:2012qbp,
    author = "Chatrchyan, Serguei and others",
    collaboration = "CMS",
    title = "{Observation of a New Boson at a Mass of 125 GeV with the CMS Experiment at the LHC}",
    eprint = "1207.7235",
    archivePrefix = "arXiv",
    primaryClass = "hep-ex",
    reportNumber = "CMS-HIG-12-028, CERN-PH-EP-2012-220",
    doi = "10.1016/j.physletb.2012.08.021",
    journal = "Phys. Lett. B",
    volume = "716",
    pages = "30--61",
    year = "2012"
}

@article{Glashow:1961tr,
    author = "Glashow, S. L.",
    title = "{Partial Symmetries of Weak Interactions}",
    doi = "10.1016/0029-5582(61)90469-2",
    journal = "Nucl. Phys.",
    volume = "22",
    pages = "579--588",
    year = "1961"
}

@article{PhysRevLett.19.1264,
  title = {A Model of Leptons},
  author = {Weinberg, Steven},
  journal = {Phys. Rev. Lett.},
  volume = {19},
  issue = {21},
  pages = {1264--1266},
  numpages = {0},
  year = {1967},
  month = {Nov},
  publisher = {American Physical Society},
  doi = {10.1103/PhysRevLett.19.1264},
  url = {https://link.aps.org/doi/10.1103/PhysRevLett.19.1264}
}

@article{PhysRevD.2.1285,
  title = {Weak Interactions with Lepton--Hadron Symmetry},
  author = {Glashow, S. L. and Iliopoulos, J. and Maiani, L.},
  journal = {Phys. Rev. D},
  volume = {2},
  issue = {7},
  pages = {1285--1292},
  numpages = {0},
  year = {1970},
  month = {Oct},
  publisher = {American Physical Society},
  doi = {10.1103/PhysRevD.2.1285},
  url = {https://link.aps.org/doi/10.1103/PhysRevD.2.1285}
}

@article{PhysRevLett.13.321,
  title = {Broken Symmetry and the Mass of Gauge Vector Mesons},
  author = {Englert, F. and Brout, R.},
  journal = {Phys. Rev. Lett.},
  volume = {13},
  issue = {9},
  pages = {321--323},
  numpages = {0},
  year = {1964},
  month = {Aug},
  publisher = {American Physical Society},
  doi = {10.1103/PhysRevLett.13.321},
  url = {https://link.aps.org/doi/10.1103/PhysRevLett.13.321}
}

@article{PhysRev.145.1156,
  title = {Spontaneous Symmetry Breakdown without Massless Bosons},
  author = {Higgs, Peter W.},
  journal = {Phys. Rev.},
  volume = {145},
  issue = {4},
  pages = {1156--1163},
  numpages = {0},
  year = {1966},
  month = {May},
  publisher = {American Physical Society},
  doi = {10.1103/PhysRev.145.1156},
  url = {https://link.aps.org/doi/10.1103/PhysRev.145.1156}
}

@article{PhysRevLett.30.1268,
  title = {Uniqueness of Spontaneously Broken Gauge Theories},
  author = {Cornwall, John M. and Levin, David N. and Tiktopoulos, George},
  journal = {Phys. Rev. Lett.},
  volume = {30},
  issue = {25},
  pages = {1268--1270},
  numpages = {0},
  year = {1973},
  month = {Jun},
  publisher = {American Physical Society},
  doi = {10.1103/PhysRevLett.30.1268},
  url = {https://link.aps.org/doi/10.1103/PhysRevLett.30.1268},
  note = "[Erratum: Phys. Rev. Lett. 31, 572 (1973)]",
}

@article{PhysRevD.10.1145,
  title = {Derivation of gauge invariance from high-energy unitarity bounds on the $S$ matrix},
  author = {Cornwall, John M. and Levin, David N. and Tiktopoulos, George},
  journal = {Phys. Rev. D},
  volume = {10},
  issue = {4},
  pages = {1145--1167},
  numpages = {0},
  year = {1974},
  month = {Aug},
  publisher = {American Physical Society},
  doi = {10.1103/PhysRevD.10.1145},
  url = {https://link.aps.org/doi/10.1103/PhysRevD.10.1145},
  note = "Erratum: Phys. Rev. D11, 972 (1975)"
}

@article{LlewellynSmith:1973yud,
    author = "Llewellyn Smith, C. H.",
    title = "{High-Energy Behavior and Gauge Symmetry}",
    doi = "10.1016/0370-2693(73)90692-8",
    journal = "Phys. Lett. B",
    volume = "46",
    pages = "233--236",
    year = "1973"
}

@article{PhysRevD.16.1519,
  title = {Weak interactions at very high energies: The role of the Higgs-boson mass},
  author = {Lee, Benjamin W. and Quigg, C. and Thacker, H. B.},
  journal = {Phys. Rev. D},
  volume = {16},
  issue = {5},
  pages = {1519--1531},
  numpages = {0},
  year = {1977},
  month = {Sep},
  publisher = {American Physical Society},
  doi = {10.1103/PhysRevD.16.1519},
  url = {https://link.aps.org/doi/10.1103/PhysRevD.16.1519}
}

@article{PhysRevD.3.1818,
  title = {Renormalization Group and Strong Interactions},
  author = {Wilson, Kenneth G.},
  journal = {Phys. Rev. D},
  volume = {3},
  issue = {8},
  pages = {1818--1846},
  numpages = {0},
  year = {1971},
  month = {Apr},
  publisher = {American Physical Society},
  doi = {10.1103/PhysRevD.3.1818},
  url = {https://link.aps.org/doi/10.1103/PhysRevD.3.1818}
}

@proceedings{tHooft:1980xss,
    editor = "'t Hooft, Gerard and Itzykson, C. and Jaffe, A. and Lehmann, H. and Mitter, P. K. and Singer, I. M. and Stora, R.",
    title = "{Recent Developments in Gauge Theories. Proceedings, Nato Advanced Study Institute, Cargese, France, August 26 - September 8, 1979}",
    doi = "10.1007/978-1-4684-7571-5",
    volume = "59",
    pages = "pp.1--438",
    year = "1980"
}

@article{WESS19741,
title = {Supergauge invariant extension of quantum electrodynamics},
journal = {Nuclear Physics B},
volume = {78},
number = {1},
pages = {1-13},
year = {1974},
issn = {0550-3213},
doi = {https://doi.org/10.1016/0550-3213(74)90112-6},
url = {https://www.sciencedirect.com/science/article/pii/0550321374901126},
author = {J. Wess and B. Zumino},
abstract = {A minimal supergauge invariant extension of quantum electrodynamics is described. It contains a spinor, a scalar and a pseudoscalar field, all charged, plus the photon field and a massless Majorana spinor. A Lagrangian invariant under gauge and supergauge transformations is constructed and shown to be renormalizable in the one-loop approximation.}
}

@article{Martin:1997ns,
    author = "Martin, Stephen P.",
    editor = "Kane, Gordon L.",
    title = "{A Supersymmetry primer}",
    eprint = "hep-ph/9709356",
    archivePrefix = "arXiv",
    reportNumber = "FERMILAB-PUB-97-425-T",
    doi = "10.1142/9789812839657_0001",
    journal = "Adv. Ser. Direct. High Energy Phys.",
    volume = "18",
    pages = "1--98",
    year = "1998"
}

@article{Allanchach:2019wrx,
    author = "Allanchach, B. C.",
    editor = "Mulders, M. and Duhr, C.",
    title = "{Beyond the Standard Model}",
    doi = "10.23730/CYRSP-2019-006.113",
    journal = "CERN Yellow Rep. School Proc.",
    volume = "6",
    pages = "113--144",
    year = "2019"
}

@inproceedings{Georgi:1986im,
    author = "Georgi, H. M.",
    title = "{COMPOSITE HIGGS BOSONS}",
    booktitle = "{Workshop on Electroweak Symmetry Breaking}",
    pages = "57--63",
    year = "1986"
}

@article{Bellazzini:2014yua,
    author = "Bellazzini, Brando and Cs\'aki, Csaba and Serra, Javi",
    title = "{Composite Higgses}",
    eprint = "1401.2457",
    archivePrefix = "arXiv",
    primaryClass = "hep-ph",
    doi = "10.1140/epjc/s10052-014-2766-x",
    journal = "Eur. Phys. J. C",
    volume = "74",
    number = "5",
    pages = "2766",
    year = "2014"
}

@book{Panico:2015jxa,
    author = "Panico, Giuliano and Wulzer, Andrea",
    title = "{The Composite Nambu-Goldstone Higgs}",
    eprint = "1506.01961",
    archivePrefix = "arXiv",
    primaryClass = "hep-ph",
    reportNumber = "DFPD-2015TH9",
    doi = "10.1007/978-3-319-22617-0",
    publisher = "Springer",
    volume = "913",
    year = "2016"
}

@article{Csaki:2015hcd,
    author = "Csaki, Csaba and Grojean, Christophe and Terning, John",
    title = "{Alternatives to an Elementary Higgs}",
    eprint = "1512.00468",
    archivePrefix = "arXiv",
    primaryClass = "hep-ph",
    doi = "10.1103/RevModPhys.88.045001",
    journal = "Rev. Mod. Phys.",
    volume = "88",
    number = "4",
    pages = "045001",
    year = "2016"
}

@article{Chacko:2005pe,
    author = "Chacko, Z. and Goh, Hock-Seng and Harnik, Roni",
    title = "{The Twin Higgs: Natural electroweak breaking from mirror symmetry}",
    eprint = "hep-ph/0506256",
    archivePrefix = "arXiv",
    doi = "10.1103/PhysRevLett.96.231802",
    journal = "Phys. Rev. Lett.",
    volume = "96",
    pages = "231802",
    year = "2006"
}

@article{Chacko:2005un,
    author = "Chacko, Z. and Goh, Hock-Seng and Harnik, Roni",
    title = "{A Twin Higgs model from left-right symmetry}",
    eprint = "hep-ph/0512088",
    archivePrefix = "arXiv",
    reportNumber = "SLAC-PUB-11595",
    doi = "10.1088/1126-6708/2006/01/108",
    journal = "JHEP",
    volume = "01",
    pages = "108",
    year = "2006"
}

@article{Craig:2015pha,
    author = "Craig, Nathaniel and Katz, Andrey and Strassler, Matt and Sundrum, Raman",
    title = "{Naturalness in the Dark at the LHC}",
    eprint = "1501.05310",
    archivePrefix = "arXiv",
    primaryClass = "hep-ph",
    reportNumber = "UMD-PP-014-028, CERN-PH-TH-2014-263",
    doi = "10.1007/JHEP07(2015)105",
    journal = "JHEP",
    volume = "07",
    pages = "105",
    year = "2015"
}

@article{Craig:2014aea,
    author = "Craig, Nathaniel and Knapen, Simon and Longhi, Pietro",
    title = "{Neutral Naturalness from Orbifold Higgs Models}",
    eprint = "1410.6808",
    archivePrefix = "arXiv",
    primaryClass = "hep-ph",
    reportNumber = "RU-NHETC-2014-15",
    doi = "10.1103/PhysRevLett.114.061803",
    journal = "Phys. Rev. Lett.",
    volume = "114",
    number = "6",
    pages = "061803",
    year = "2015"
}

@article{Graham:2015cka,
    author = "Graham, Peter W. and Kaplan, David E. and Rajendran, Surjeet",
    title = "{Cosmological Relaxation of the Electroweak Scale}",
    eprint = "1504.07551",
    archivePrefix = "arXiv",
    primaryClass = "hep-ph",
    doi = "10.1103/PhysRevLett.115.221801",
    journal = "Phys. Rev. Lett.",
    volume = "115",
    number = "22",
    pages = "221801",
    year = "2015"
}

@article{Espinosa:2015eda,
    author = "Espinosa, J. R. and Grojean, C. and Panico, G. and Pomarol, A. and Pujol\`as, O. and Servant, G.",
    title = "{Cosmological Higgs-Axion Interplay for a Naturally Small Electroweak Scale}",
    eprint = "1506.09217",
    archivePrefix = "arXiv",
    primaryClass = "hep-ph",
    doi = "10.1103/PhysRevLett.115.251803",
    journal = "Phys. Rev. Lett.",
    volume = "115",
    number = "25",
    pages = "251803",
    year = "2015"
}

@article{Flacke:2016szy,
    author = "Flacke, Thomas and Frugiuele, Claudia and Fuchs, Elina and Gupta, Rick S. and Perez, Gilad",
    title = "{Phenomenology of relaxion-Higgs mixing}",
    eprint = "1610.02025",
    archivePrefix = "arXiv",
    primaryClass = "hep-ph",
    reportNumber = "CTPU-16-25",
    doi = "10.1007/JHEP06(2017)050",
    journal = "JHEP",
    volume = "06",
    pages = "050",
    year = "2017"
}

@article{Bauer:2015fxa,
    author = "Bauer, Martin and Carena, Marcela and Gemmler, Katrin",
    title = "{Flavor from the Electroweak Scale}",
    eprint = "1506.01719",
    archivePrefix = "arXiv",
    primaryClass = "hep-ph",
    reportNumber = "FERMILAB-PUB-15-251-T, EFI-15-19",
    doi = "10.1007/JHEP11(2015)016",
    journal = "JHEP",
    volume = "11",
    pages = "016",
    year = "2015"
}

@article{Bauer:2015kzy,
    author = "Bauer, Martin and Carena, Marcela and Gemmler, Katrin",
    title = "{Creating the fermion mass hierarchies with multiple Higgs bosons}",
    eprint = "1512.03458",
    archivePrefix = "arXiv",
    primaryClass = "hep-ph",
    reportNumber = "FERMILAB-PUB-15-537-T",
    doi = "10.1103/PhysRevD.94.115030",
    journal = "Phys. Rev. D",
    volume = "94",
    number = "11",
    pages = "115030",
    year = "2016"
}

@article{Barbieri:2006dq,
    author = "Barbieri, Riccardo and Hall, Lawrence J. and Rychkov, Vyacheslav S.",
    title = "{Improved naturalness with a heavy Higgs: An Alternative road to LHC physics}",
    eprint = "hep-ph/0603188",
    archivePrefix = "arXiv",
    reportNumber = "UCB-PTH-06-04, LBNL-59894",
    doi = "10.1103/PhysRevD.74.015007",
    journal = "Phys. Rev. D",
    volume = "74",
    pages = "015007",
    year = "2006"
}

@article{Morrissey:2012db,
    author = "Morrissey, David E. and Ramsey-Musolf, Michael J.",
    title = "{Electroweak baryogenesis}",
    eprint = "1206.2942",
    archivePrefix = "arXiv",
    primaryClass = "hep-ph",
    reportNumber = "NPAC-12-08",
    doi = "10.1088/1367-2630/14/12/125003",
    journal = "New J. Phys.",
    volume = "14",
    pages = "125003",
    year = "2012"
}


@article{Degrassi:2012ry,
    author = "Degrassi, Giuseppe and Di Vita, Stefano and Elias-Miro, Joan and Espinosa, Jose R. and Giudice, Gian F. and Isidori, Gino and Strumia, Alessandro",
    title = "{Higgs mass and vacuum stability in the Standard Model at NNLO}",
    eprint = "1205.6497",
    archivePrefix = "arXiv",
    primaryClass = "hep-ph",
    reportNumber = "CERN-PH-TH-2012-134, RM3-TH-12-9",
    doi = "10.1007/JHEP08(2012)098",
    journal = "JHEP",
    volume = "08",
    pages = "098",
    year = "2012"
}

@article{Alekhin:2012py,
    author = "Alekhin, S. and Djouadi, A. and Moch, S.",
    title = "{The top quark and Higgs boson masses and the stability of the electroweak vacuum}",
    eprint = "1207.0980",
    archivePrefix = "arXiv",
    primaryClass = "hep-ph",
    reportNumber = "CERN-PH-TH-2012-186, DESY-12-113, LPT-ORSAY-12-64, LPN-12-073, SFB-CPP-12-41",
    doi = "10.1016/j.physletb.2012.08.024",
    journal = "Phys. Lett. B",
    volume = "716",
    pages = "214--219",
    year = "2012"
}

@article{Buttazzo:2013uya,
    author = "Buttazzo, Dario and Degrassi, Giuseppe and Giardino, Pier Paolo and Giudice, Gian F. and Sala, Filippo and Salvio, Alberto and Strumia, Alessandro",
    title = "{Investigating the near-criticality of the Higgs boson}",
    eprint = "1307.3536",
    archivePrefix = "arXiv",
    primaryClass = "hep-ph",
    reportNumber = "CERN-PH-TH-2013-166, FTUAM-13-20, IFT-UAM-CSIC-13-081, IFUP-TH",
    doi = "10.1007/JHEP12(2013)089",
    journal = "JHEP",
    volume = "12",
    pages = "089",
    year = "2013"
}

@article{Weinberg:1979sa,
    author = "Weinberg, Steven",
    title = "{Baryon and Lepton Nonconserving Processes}",
    reportNumber = "HUTP-79-A050",
    doi = "10.1103/PhysRevLett.43.1566",
    journal = "Phys. Rev. Lett.",
    volume = "43",
    pages = "1566--1570",
    year = "1979"
}


% Weinberg Angle... not sure actually
@article{Sirlin:1980nh,
    author = "Sirlin, A.",
    title = "{Radiative Corrections in the $SU(2)_L \times U(1)$ Theory: A Simple Renormalization Framework}",
    reportNumber = "PRINT-80-0267 (IAS,PRINCETON)",
    doi = "10.1103/PhysRevD.22.971",
    journal = "Phys. Rev. D",
    volume = "22",
    pages = "971--981",
    year = "1980"
}